timestamp,currency,futures_instrument_name,snapshot_term_mark_price,snapshot_term_mark_min,snapshot_term_mark_max,contributing_option_rows,distinct_prices_seen,snapshot_file,snapshot_timestamp_ms,term_trade_found,term_trade_side,term_trade_timestamp_ms,term_trade_gap_seconds,term_trade_price,term_trade_mark_price,term_trade_index_price,term_trade_amount,term_trade_direction,term_trade_id,term_trade_accepted_under_max_gap,term_mark_price_final,term_mark_price_final_source
2025-12-30T17:31:15.944181+00:00,BTC,BTC-25DEC26,92617.64,92616.59,92617.64,44,2,deribit_options_snapshot_20251230T173115Z.csv,1767115875944,True,after,1776011127586.0,8895251.642,72352.5,72349.77,70961.69,1020.0,sell,424800481,False,92617.64,snapshot_underlying_price
2025-12-30T17:31:15.944181+00:00,BTC,BTC-25SEP26,91550.53,91547.89,91550.53,70,2,deribit_options_snapshot_20251230T173115Z.csv,1767115875944,True,after,1776010893858.0,8895017.914,71577.5,71585.41,70868.97,570.0,buy,424800327,False,91550.53,snapshot_underlying_price
2025-12-30T17:31:15.944181+00:00,BTC,BTC-26JUN26,90465.22,90464.17,90465.22,82,2,deribit_options_snapshot_20251230T173115Z.csv,1767115875944,True,after,1776011144362.0,8895268.418,71172.5,71165.69,70944.95,20.0,sell,424800494,False,90465.22,snapshot_underlying_price
2025-12-30T17:31:15.944181+00:00,BTC,BTC-27FEB26,89170.64,89169.59,89170.64,64,2,deribit_options_snapshot_20251230T173115Z.csv,1767115875944,False,,,,,,,,,,False,89170.64,snapshot_underlying_price
2025-12-30T17:31:15.944181+00:00,BTC,BTC-27MAR26,89559.35,89558.3,89559.35,100,2,deribit_options_snapshot_20251230T173115Z.csv,1767115875944,False,,,,,,,,,,False,89559.35,snapshot_underlying_price
2025-12-30T17:31:15.944181+00:00,BTC,BTC-2JAN26,88570.79,88569.74,88570.79,44,2,deribit_options_snapshot_20251230T173115Z.csv,1767115875944,False,,,,,,,,,,False,88570.79,snapshot_underlying_price
2025-12-30T17:31:15.944181+00:00,BTC,BTC-30JAN26,88911.04,88909.99,88911.04,74,2,deribit_options_snapshot_20251230T173115Z.csv,1767115875944,False,,,,,,,,,,False,88911.04,snapshot_underlying_price
2025-12-30T17:31:15.944181+00:00,BTC,BTC-9JAN26,88642.32,88642.32,88643.2,36,2,deribit_options_snapshot_20251230T173115Z.csv,1767115875944,False,,,,,,,,,,False,88642.32,snapshot_underlying_price
2025-12-30T17:31:15.944181+00:00,ETH,ETH-25DEC26,3086.82,3086.82,3086.82,44,1,deribit_options_snapshot_20251230T173115Z.csv,1767115875944,True,after,1776010872689.0,8894996.745,2230.5,2230.37,2186.86,4000.0,sell,ETH-298728374,False,3086.82,snapshot_underlying_price
2025-12-30T17:31:15.944181+00:00,ETH,ETH-25SEP26,3056.91,3056.9,3056.91,92,2,deribit_options_snapshot_20251230T173115Z.csv,1767115875944,True,after,1776010869157.0,8894993.213,2211.75,2211.98,2187.42,56.0,sell,ETH-298728344,False,3056.91,snapshot_underlying_price
2025-12-30T17:31:15.944181+00:00,ETH,ETH-26JUN26,3029.02,3029.01,3029.02,92,2,deribit_options_snapshot_20251230T173115Z.csv,1767115875944,True,after,1776010869149.0,8894993.205,2194.25,2194.48,2187.42,895.0,sell,ETH-298728331,False,3029.02,snapshot_underlying_price
2025-12-30T17:31:15.944181+00:00,ETH,ETH-27FEB26,2993.56,2993.55,2993.56,50,2,deribit_options_snapshot_20251230T173115Z.csv,1767115875944,False,,,,,,,,,,False,2993.56,snapshot_underlying_price
2025-12-30T17:31:15.944181+00:00,ETH,ETH-27MAR26,3004.22,3004.22,3004.23,108,2,deribit_options_snapshot_20251230T173115Z.csv,1767115875944,False,,,,,,,,,,False,3004.22,snapshot_underlying_price
2025-12-30T17:31:15.944181+00:00,ETH,ETH-2JAN26,2979.26,2979.26,2979.26,50,1,deribit_options_snapshot_20251230T173115Z.csv,1767115875944,False,,,,,,,,,,False,2979.26,snapshot_underlying_price
2025-12-30T17:31:15.944181+00:00,ETH,ETH-30JAN26,2984.22,2984.22,2984.22,70,1,deribit_options_snapshot_20251230T173115Z.csv,1767115875944,False,,,,,,,,,,False,2984.22,snapshot_underlying_price
2025-12-30T17:31:15.944181+00:00,ETH,ETH-9JAN26,2980.87,2980.87,2980.87,38,1,deribit_options_snapshot_20251230T173115Z.csv,1767115875944,False,,,,,,,,,,False,2980.87,snapshot_underlying_price
2025-12-30T21:17:51.988211+00:00,BTC,BTC-25DEC26,92110.16,92110.11,92110.16,44,3,deribit_options_snapshot_20251230T211751Z.csv,1767129471988,True,after,1776011127586.0,8881655.598,72352.5,72349.77,70961.69,1020.0,sell,424800481,False,92110.16,snapshot_underlying_price
2025-12-30T21:17:51.988211+00:00,BTC,BTC-25SEP26,91071.79,91071.73,91071.79,70,3,deribit_options_snapshot_20251230T211751Z.csv,1767129471988,True,after,1776010893858.0,8881421.87,71577.5,71585.41,70868.97,570.0,buy,424800327,False,91071.79,snapshot_underlying_price
2025-12-30T21:17:51.988211+00:00,BTC,BTC-26JUN26,89995.43,89995.31,89995.44,82,3,deribit_options_snapshot_20251230T211751Z.csv,1767129471988,True,after,1776011144362.0,8881672.374,71172.5,71165.69,70944.95,20.0,sell,424800494,False,89995.43,snapshot_underlying_price
2025-12-30T21:17:51.988211+00:00,BTC,BTC-27FEB26,88692.62,88692.5,88692.67,64,3,deribit_options_snapshot_20251230T211751Z.csv,1767129471988,False,,,,,,,,,,False,88692.62,snapshot_underlying_price
2025-12-30T21:17:51.988211+00:00,BTC,BTC-27MAR26,89090.42,89090.32,89090.46,100,3,deribit_options_snapshot_20251230T211751Z.csv,1767129471988,False,,,,,,,,,,False,89090.42,snapshot_underlying_price
2025-12-30T21:17:51.988211+00:00,BTC,BTC-2JAN26,88106.13,88105.96,88106.24,44,3,deribit_options_snapshot_20251230T211751Z.csv,1767129471988,False,,,,,,,,,,False,88106.13,snapshot_underlying_price
2025-12-30T21:17:51.988211+00:00,BTC,BTC-30JAN26,88423.64,88423.58,88423.64,74,2,deribit_options_snapshot_20251230T211751Z.csv,1767129471988,False,,,,,,,,,,False,88423.64,snapshot_underlying_price
2025-12-30T21:17:51.988211+00:00,BTC,BTC-9JAN26,88175.58,88175.58,88175.69,36,2,deribit_options_snapshot_20251230T211751Z.csv,1767129471988,False,,,,,,,,,,False,88175.58,snapshot_underlying_price
2025-12-30T21:17:51.988211+00:00,ETH,ETH-25DEC26,3068.9,3068.9,3068.92,44,2,deribit_options_snapshot_20251230T211751Z.csv,1767129471988,True,after,1776012229120.0,8882757.132,2228.75,2228.68,2184.76,765.0,buy,ETH-298729072,False,3068.9,snapshot_underlying_price
2025-12-30T21:17:51.988211+00:00,ETH,ETH-25SEP26,3039.02,3039.01,3039.02,92,2,deribit_options_snapshot_20251230T211751Z.csv,1767129471988,True,after,1776010928502.0,8881456.514,2209.5,2209.57,2185.19,739.0,sell,ETH-298728515,False,3039.02,snapshot_underlying_price
2025-12-30T21:17:51.988211+00:00,ETH,ETH-26JUN26,3012.38,3012.37,3012.38,92,2,deribit_options_snapshot_20251230T211751Z.csv,1767129471988,True,after,1776010985059.0,8881513.071,2193.5,2193.55,2186.5,208.0,sell,ETH-298728546,False,3012.38,snapshot_underlying_price
2025-12-30T21:17:51.988211+00:00,ETH,ETH-27FEB26,2977.45,2977.4,2977.45,50,2,deribit_options_snapshot_20251230T211751Z.csv,1767129471988,False,,,,,,,,,,False,2977.45,snapshot_underlying_price
2025-12-30T21:17:51.988211+00:00,ETH,ETH-27MAR26,2987.77,2987.76,2987.77,108,2,deribit_options_snapshot_20251230T211751Z.csv,1767129471988,False,,,,,,,,,,False,2987.77,snapshot_underlying_price
2025-12-30T21:17:51.988211+00:00,ETH,ETH-2JAN26,2963.04,2963.04,2963.04,50,1,deribit_options_snapshot_20251230T211751Z.csv,1767129471988,False,,,,,,,,,,False,2963.04,snapshot_underlying_price
2025-12-30T21:17:51.988211+00:00,ETH,ETH-30JAN26,2967.73,2967.73,2967.73,70,1,deribit_options_snapshot_20251230T211751Z.csv,1767129471988,False,,,,,,,,,,False,2967.73,snapshot_underlying_price
2025-12-30T21:17:51.988211+00:00,ETH,ETH-9JAN26,2963.74,2963.74,2963.74,38,1,deribit_options_snapshot_20251230T211751Z.csv,1767129471988,False,,,,,,,,,,False,2963.74,snapshot_underlying_price
2025-12-31T09:18:28.589807+00:00,BTC,BTC-25DEC26,92534.82,92534.82,92535.03,44,2,deribit_options_snapshot_20251231T091828Z.csv,1767172708589,True,after,1776011127586.0,8838418.997,72352.5,72349.77,70961.69,1020.0,sell,424800481,False,92534.82,snapshot_underlying_price
2025-12-31T09:18:28.589807+00:00,BTC,BTC-25SEP26,91487.39,91487.33,91487.57,70,3,deribit_options_snapshot_20251231T091828Z.csv,1767172708589,True,after,1776010893858.0,8838185.269,71577.5,71585.41,70868.97,570.0,buy,424800327,False,91487.39,snapshot_underlying_price
2025-12-31T09:18:28.589807+00:00,BTC,BTC-26JUN26,90410.22,90410.22,90410.4,82,2,deribit_options_snapshot_20251231T091828Z.csv,1767172708589,True,after,1776011144362.0,8838435.773,71172.5,71165.69,70944.95,20.0,sell,424800494,False,90410.22,snapshot_underlying_price
2025-12-31T09:18:28.589807+00:00,BTC,BTC-27FEB26,89116.46,89116.17,89116.81,64,3,deribit_options_snapshot_20251231T091828Z.csv,1767172708589,False,,,,,,,,,,False,89116.46,snapshot_underlying_price
2025-12-31T09:18:28.589807+00:00,BTC,BTC-27MAR26,89486.83,89486.63,89487.01,100,5,deribit_options_snapshot_20251231T091828Z.csv,1767172708589,False,,,,,,,,,,False,89486.83,snapshot_underlying_price
2025-12-31T09:18:28.589807+00:00,BTC,BTC-2JAN26,88522.92,88522.91,88523.1,44,3,deribit_options_snapshot_20251231T091828Z.csv,1767172708589,False,,,,,,,,,,False,88522.92,snapshot_underlying_price
2025-12-31T09:18:28.589807+00:00,BTC,BTC-30JAN26,88866.01,88865.86,88866.19,74,3,deribit_options_snapshot_20251231T091828Z.csv,1767172708589,False,,,,,,,,,,False,88866.01,snapshot_underlying_price
2025-12-31T09:18:28.589807+00:00,BTC,BTC-9JAN26,88611.11,88611.08,88611.29,36,3,deribit_options_snapshot_20251231T091828Z.csv,1767172708589,False,,,,,,,,,,False,88611.11,snapshot_underlying_price
2025-12-31T09:18:28.589807+00:00,ETH,ETH-25DEC26,3077.19,3077.09,3077.19,44,2,deribit_options_snapshot_20251231T091828Z.csv,1767172708589,True,after,1776012229120.0,8839520.531,2228.75,2228.68,2184.76,765.0,buy,ETH-298729072,False,3077.19,snapshot_underlying_price
2025-12-31T09:18:28.589807+00:00,ETH,ETH-25SEP26,3047.16,3047.16,3047.27,92,2,deribit_options_snapshot_20251231T091828Z.csv,1767172708589,True,after,1776010928502.0,8838219.913,2209.5,2209.57,2185.19,739.0,sell,ETH-298728515,False,3047.16,snapshot_underlying_price
2025-12-31T09:18:28.589807+00:00,ETH,ETH-26JUN26,3020.59,3020.59,3020.69,92,2,deribit_options_snapshot_20251231T091828Z.csv,1767172708589,True,after,1776010985059.0,8838276.47,2193.5,2193.55,2186.5,208.0,sell,ETH-298728546,False,3020.59,snapshot_underlying_price
2025-12-31T09:18:28.589807+00:00,ETH,ETH-27FEB26,2986.87,2986.77,2986.87,50,2,deribit_options_snapshot_20251231T091828Z.csv,1767172708589,False,,,,,,,,,,False,2986.87,snapshot_underlying_price
2025-12-31T09:18:28.589807+00:00,ETH,ETH-27MAR26,2996.92,2996.92,2997.02,108,2,deribit_options_snapshot_20251231T091828Z.csv,1767172708589,False,,,,,,,,,,False,2996.92,snapshot_underlying_price
2025-12-31T09:18:28.589807+00:00,ETH,ETH-2JAN26,2971.73,2971.73,2971.73,50,1,deribit_options_snapshot_20251231T091828Z.csv,1767172708589,False,,,,,,,,,,False,2971.73,snapshot_underlying_price
2025-12-31T09:18:28.589807+00:00,ETH,ETH-30JAN26,2978.32,2978.22,2978.32,70,2,deribit_options_snapshot_20251231T091828Z.csv,1767172708589,False,,,,,,,,,,False,2978.32,snapshot_underlying_price
2025-12-31T09:18:28.589807+00:00,ETH,ETH-9JAN26,2974.21,2974.21,2974.21,38,1,deribit_options_snapshot_20251231T091828Z.csv,1767172708589,False,,,,,,,,,,False,2974.21,snapshot_underlying_price
2025-12-31T21:18:43.878798+00:00,BTC,BTC-25DEC26,91616.28,91616.28,91617.29,44,2,deribit_options_snapshot_20251231T211843Z.csv,1767215923878,True,after,1776011127586.0,8795203.708,72352.5,72349.77,70961.69,1020.0,sell,424800481,False,91616.28,snapshot_underlying_price
2025-12-31T21:18:43.878798+00:00,BTC,BTC-25SEP26,90586.62,90586.62,90587.3,70,2,deribit_options_snapshot_20251231T211843Z.csv,1767215923878,True,after,1776010893858.0,8794969.98,71577.5,71585.41,70868.97,570.0,buy,424800327,False,90586.62,snapshot_underlying_price
2025-12-31T21:18:43.878798+00:00,BTC,BTC-26JUN26,89529.44,89529.44,89530.12,82,2,deribit_options_snapshot_20251231T211843Z.csv,1767215923878,True,after,1776011144362.0,8795220.484,71172.5,71165.69,70944.95,20.0,sell,424800494,False,89529.44,snapshot_underlying_price
2025-12-31T21:18:43.878798+00:00,BTC,BTC-27FEB26,88227.52,88227.52,88227.98,64,2,deribit_options_snapshot_20251231T211843Z.csv,1767215923878,False,,,,,,,,,,False,88227.52,snapshot_underlying_price
2025-12-31T21:18:43.878798+00:00,BTC,BTC-27MAR26,88582.03,88582.03,88582.49,100,2,deribit_options_snapshot_20251231T211843Z.csv,1767215923878,False,,,,,,,,,,False,88582.03,snapshot_underlying_price
2025-12-31T21:18:43.878798+00:00,BTC,BTC-2JAN26,87644.64,87644.64,87645.1,44,2,deribit_options_snapshot_20251231T211843Z.csv,1767215923878,False,,,,,,,,,,False,87644.64,snapshot_underlying_price
2025-12-31T21:18:43.878798+00:00,BTC,BTC-30JAN26,87951.07,87951.07,87951.58,74,2,deribit_options_snapshot_20251231T211843Z.csv,1767215923878,False,,,,,,,,,,False,87951.07,snapshot_underlying_price
2025-12-31T21:18:43.878798+00:00,BTC,BTC-9JAN26,87735.07,87734.61,87735.07,36,2,deribit_options_snapshot_20251231T211843Z.csv,1767215923878,False,,,,,,,,,,False,87735.07,snapshot_underlying_price
2025-12-31T21:18:43.878798+00:00,ETH,ETH-25DEC26,3080.77,3080.67,3080.77,44,2,deribit_options_snapshot_20251231T211843Z.csv,1767215923878,True,after,1776012229120.0,8796305.242,2228.75,2228.68,2184.76,765.0,buy,ETH-298729072,False,3080.77,snapshot_underlying_price
2025-12-31T21:18:43.878798+00:00,ETH,ETH-25SEP26,3050.88,3050.88,3051.11,92,2,deribit_options_snapshot_20251231T211843Z.csv,1767215923878,True,after,1776010928502.0,8795004.624,2209.5,2209.57,2185.19,739.0,sell,ETH-298728515,False,3050.88,snapshot_underlying_price
2025-12-31T21:18:43.878798+00:00,ETH,ETH-26JUN26,3022.75,3022.75,3022.85,92,2,deribit_options_snapshot_20251231T211843Z.csv,1767215923878,True,after,1776010985059.0,8795061.181,2193.5,2193.55,2186.5,208.0,sell,ETH-298728546,False,3022.75,snapshot_underlying_price
2025-12-31T21:18:43.878798+00:00,ETH,ETH-27FEB26,2990.38,2990.17,2990.38,50,2,deribit_options_snapshot_20251231T211843Z.csv,1767215923878,False,,,,,,,,,,False,2990.38,snapshot_underlying_price
2025-12-31T21:18:43.878798+00:00,ETH,ETH-27MAR26,2999.32,2999.32,2999.42,108,2,deribit_options_snapshot_20251231T211843Z.csv,1767215923878,False,,,,,,,,,,False,2999.32,snapshot_underlying_price
2025-12-31T21:18:43.878798+00:00,ETH,ETH-2JAN26,2974.1,2974.1,2974.1,50,1,deribit_options_snapshot_20251231T211843Z.csv,1767215923878,False,,,,,,,,,,False,2974.1,snapshot_underlying_price
2025-12-31T21:18:43.878798+00:00,ETH,ETH-30JAN26,2981.42,2981.22,2981.42,70,2,deribit_options_snapshot_20251231T211843Z.csv,1767215923878,False,,,,,,,,,,False,2981.42,snapshot_underlying_price
2025-12-31T21:18:43.878798+00:00,ETH,ETH-9JAN26,2977.47,2977.47,2977.57,38,2,deribit_options_snapshot_20251231T211843Z.csv,1767215923878,False,,,,,,,,,,False,2977.47,snapshot_underlying_price
2026-01-01T09:18:35.173006+00:00,BTC,BTC-25DEC26,91853.81,91845.38,91853.81,44,2,deribit_options_snapshot_20260101T091835Z.csv,1767259115173,True,after,1776011127586.0,8752012.413,72352.5,72349.77,70961.69,1020.0,sell,424800481,False,91853.81,snapshot_underlying_price
2026-01-01T09:18:35.173006+00:00,BTC,BTC-25SEP26,90804.12,90795.33,90804.12,70,2,deribit_options_snapshot_20260101T091835Z.csv,1767259115173,True,after,1776010893858.0,8751778.685,71577.5,71585.41,70868.97,570.0,buy,424800327,False,90804.12,snapshot_underlying_price
2026-01-01T09:18:35.173006+00:00,BTC,BTC-26JUN26,89746.67,89738.24,89746.67,82,2,deribit_options_snapshot_20260101T091835Z.csv,1767259115173,True,after,1776011144362.0,8752029.189,71172.5,71165.69,70944.95,20.0,sell,424800494,False,89746.67,snapshot_underlying_price
2026-01-01T09:18:35.173006+00:00,BTC,BTC-27FEB26,88448.35,88441.04,88448.35,64,2,deribit_options_snapshot_20260101T091835Z.csv,1767259115173,False,,,,,,,,,,False,88448.35,snapshot_underlying_price
2026-01-01T09:18:35.173006+00:00,BTC,BTC-27MAR26,88777.54,88769.11,88777.54,100,2,deribit_options_snapshot_20260101T091835Z.csv,1767259115173,False,,,,,,,,,,False,88777.54,snapshot_underlying_price
2026-01-01T09:18:35.173006+00:00,BTC,BTC-2JAN26,87832.16,87823.73,87832.16,44,2,deribit_options_snapshot_20260101T091835Z.csv,1767259115173,False,,,,,,,,,,False,87832.16,snapshot_underlying_price
2026-01-01T09:18:35.173006+00:00,BTC,BTC-30JAN26,88152.87,88144.44,88152.87,74,2,deribit_options_snapshot_20260101T091835Z.csv,1767259115173,False,,,,,,,,,,False,88152.87,snapshot_underlying_price
2026-01-01T09:18:35.173006+00:00,BTC,BTC-9JAN26,87913.23,87913.23,87921.66,36,2,deribit_options_snapshot_20260101T091835Z.csv,1767259115173,False,,,,,,,,,,False,87913.23,snapshot_underlying_price
2026-01-01T09:18:35.173006+00:00,ETH,ETH-25DEC26,3086.35,3086.35,3086.37,44,2,deribit_options_snapshot_20260101T091835Z.csv,1767259115173,True,after,1776012229120.0,8753113.947,2228.75,2228.68,2184.76,765.0,buy,ETH-298729072,False,3086.35,snapshot_underlying_price
2026-01-01T09:18:35.173006+00:00,ETH,ETH-25SEP26,3058.11,3058.1,3058.11,92,2,deribit_options_snapshot_20260101T091835Z.csv,1767259115173,True,after,1776010928502.0,8751813.329,2209.5,2209.57,2185.19,739.0,sell,ETH-298728515,False,3058.11,snapshot_underlying_price
2026-01-01T09:18:35.173006+00:00,ETH,ETH-26JUN26,3031.67,3031.63,3031.67,92,4,deribit_options_snapshot_20260101T091835Z.csv,1767259115173,True,after,1776010985059.0,8751869.886,2193.5,2193.55,2186.5,208.0,sell,ETH-298728546,False,3031.67,snapshot_underlying_price
2026-01-01T09:18:35.173006+00:00,ETH,ETH-27FEB26,2998.66,2998.66,2998.67,50,2,deribit_options_snapshot_20260101T091835Z.csv,1767259115173,False,,,,,,,,,,False,2998.66,snapshot_underlying_price
2026-01-01T09:18:35.173006+00:00,ETH,ETH-27MAR26,3007.12,3007.08,3007.12,108,4,deribit_options_snapshot_20260101T091835Z.csv,1767259115173,False,,,,,,,,,,False,3007.12,snapshot_underlying_price
2026-01-01T09:18:35.173006+00:00,ETH,ETH-2JAN26,2982.45,2982.45,2982.45,50,1,deribit_options_snapshot_20260101T091835Z.csv,1767259115173,False,,,,,,,,,,False,2982.45,snapshot_underlying_price
2026-01-01T09:18:35.173006+00:00,ETH,ETH-30JAN26,2989.38,2989.37,2989.4,70,3,deribit_options_snapshot_20260101T091835Z.csv,1767259115173,False,,,,,,,,,,False,2989.38,snapshot_underlying_price
2026-01-01T09:18:35.173006+00:00,ETH,ETH-9JAN26,2985.95,2985.93,2985.95,38,2,deribit_options_snapshot_20260101T091835Z.csv,1767259115173,False,,,,,,,,,,False,2985.95,snapshot_underlying_price
2026-01-01T21:19:18.567978+00:00,BTC,BTC-25DEC26,92285.12,92285.09,92285.12,44,2,deribit_options_snapshot_20260101T211918Z.csv,1767302358567,True,after,1776011127586.0,8708769.019,72352.5,72349.77,70961.69,1020.0,sell,424800481,False,92285.12,snapshot_underlying_price
2026-01-01T21:19:18.567978+00:00,BTC,BTC-25SEP26,91238.64,91238.39,91238.64,70,2,deribit_options_snapshot_20260101T211918Z.csv,1767302358567,True,after,1776010893858.0,8708535.291,71577.5,71585.41,70868.97,570.0,buy,424800327,False,91238.64,snapshot_underlying_price
2026-01-01T21:19:18.567978+00:00,BTC,BTC-26JUN26,90177.24,90177.13,90177.24,82,2,deribit_options_snapshot_20260101T211918Z.csv,1767302358567,True,after,1776011144362.0,8708785.795,71172.5,71165.69,70944.95,20.0,sell,424800494,False,90177.24,snapshot_underlying_price
2026-01-01T21:19:18.567978+00:00,BTC,BTC-27FEB26,88872.26,88872.26,88872.35,64,2,deribit_options_snapshot_20260101T211918Z.csv,1767302358567,False,,,,,,,,,,False,88872.26,snapshot_underlying_price
2026-01-01T21:19:18.567978+00:00,BTC,BTC-27MAR26,89201.55,89201.52,89201.55,100,2,deribit_options_snapshot_20260101T211918Z.csv,1767302358567,False,,,,,,,,,,False,89201.55,snapshot_underlying_price
2026-01-01T21:19:18.567978+00:00,BTC,BTC-2JAN26,88258.88,88258.77,88258.88,44,2,deribit_options_snapshot_20260101T211918Z.csv,1767302358567,False,,,,,,,,,,False,88258.88,snapshot_underlying_price
2026-01-01T21:19:18.567978+00:00,BTC,BTC-30JAN26,88586.08,88585.96,88586.08,74,2,deribit_options_snapshot_20260101T211918Z.csv,1767302358567,False,,,,,,,,,,False,88586.08,snapshot_underlying_price
2026-01-01T21:19:18.567978+00:00,BTC,BTC-9JAN26,88358.24,88358.24,88358.35,36,2,deribit_options_snapshot_20260101T211918Z.csv,1767302358567,False,,,,,,,,,,False,88358.24,snapshot_underlying_price
2026-01-01T21:19:18.567978+00:00,ETH,ETH-25DEC26,3093.66,3093.66,3093.66,44,1,deribit_options_snapshot_20260101T211918Z.csv,1767302358567,True,after,1776012229120.0,8709870.553,2228.75,2228.68,2184.76,765.0,buy,ETH-298729072,False,3093.66,snapshot_underlying_price
2026-01-01T21:19:18.567978+00:00,ETH,ETH-25SEP26,3063.73,3063.71,3063.73,92,3,deribit_options_snapshot_20260101T211918Z.csv,1767302358567,True,after,1776010928502.0,8708569.935,2209.5,2209.57,2185.19,739.0,sell,ETH-298728515,False,3063.73,snapshot_underlying_price
2026-01-01T21:19:18.567978+00:00,ETH,ETH-26JUN26,3036.78,3036.77,3036.79,92,3,deribit_options_snapshot_20260101T211918Z.csv,1767302358567,True,after,1776010985059.0,8708626.492,2193.5,2193.55,2186.5,208.0,sell,ETH-298728546,False,3036.78,snapshot_underlying_price
2026-01-01T21:19:18.567978+00:00,ETH,ETH-27FEB26,3003.61,3003.61,3003.61,50,1,deribit_options_snapshot_20260101T211918Z.csv,1767302358567,False,,,,,,,,,,False,3003.61,snapshot_underlying_price
2026-01-01T21:19:18.567978+00:00,ETH,ETH-27MAR26,3013.28,3013.28,3013.29,108,2,deribit_options_snapshot_20260101T211918Z.csv,1767302358567,False,,,,,,,,,,False,3013.28,snapshot_underlying_price
2026-01-01T21:19:18.567978+00:00,ETH,ETH-2JAN26,2987.38,2987.38,2987.38,50,1,deribit_options_snapshot_20260101T211918Z.csv,1767302358567,False,,,,,,,,,,False,2987.38,snapshot_underlying_price
2026-01-01T21:19:18.567978+00:00,ETH,ETH-30JAN26,2994.8,2994.8,2994.81,70,2,deribit_options_snapshot_20260101T211918Z.csv,1767302358567,False,,,,,,,,,,False,2994.8,snapshot_underlying_price
2026-01-01T21:19:18.567978+00:00,ETH,ETH-9JAN26,2990.91,2990.91,2990.91,38,1,deribit_options_snapshot_20260101T211918Z.csv,1767302358567,False,,,,,,,,,,False,2990.91,snapshot_underlying_price
2026-01-02T09:18:09.153333+00:00,BTC,BTC-25DEC26,93033.61,93031.84,93033.61,44,2,deribit_options_snapshot_20260102T091809Z.csv,1767345489153,True,after,1776011127586.0,8665638.433,72352.5,72349.77,70961.69,1020.0,sell,424800481,False,93033.61,snapshot_underlying_price
2026-01-02T09:18:09.153333+00:00,BTC,BTC-25SEP26,91959.74,91957.97,91959.74,70,3,deribit_options_snapshot_20260102T091809Z.csv,1767345489153,True,after,1776010893858.0,8665404.705,71577.5,71585.41,70868.97,570.0,buy,424800327,False,91959.74,snapshot_underlying_price
2026-01-02T09:18:09.153333+00:00,BTC,BTC-26JUN26,90878.83,90877.06,90878.83,82,3,deribit_options_snapshot_20260102T091809Z.csv,1767345489153,True,after,1776011144362.0,8665655.209,71172.5,71165.69,70944.95,20.0,sell,424800494,False,90878.83,snapshot_underlying_price
2026-01-02T09:18:09.153333+00:00,BTC,BTC-27FEB26,89589.0,89587.23,89589.15,64,3,deribit_options_snapshot_20260102T091809Z.csv,1767345489153,False,,,,,,,,,,False,89589.0,snapshot_underlying_price
2026-01-02T09:18:09.153333+00:00,BTC,BTC-27MAR26,89929.44,89927.61,89929.5,100,4,deribit_options_snapshot_20260102T091809Z.csv,1767345489153,False,,,,,,,,,,False,89929.44,snapshot_underlying_price
2026-01-02T09:18:09.153333+00:00,BTC,BTC-30JAN26,89346.3,89344.53,89346.56,74,3,deribit_options_snapshot_20260102T091809Z.csv,1767345489153,False,,,,,,,,,,False,89346.3,snapshot_underlying_price
2026-01-02T09:18:09.153333+00:00,BTC,BTC-9JAN26,89156.47,89156.47,89158.34,36,3,deribit_options_snapshot_20260102T091809Z.csv,1767345489153,False,,,,,,,,,,False,89156.47,snapshot_underlying_price
2026-01-02T09:18:09.153333+00:00,ETH,ETH-25DEC26,3139.57,3139.57,3139.58,44,2,deribit_options_snapshot_20260102T091809Z.csv,1767345489153,True,after,1776012229120.0,8666739.967,2228.75,2228.68,2184.76,765.0,buy,ETH-298729072,False,3139.57,snapshot_underlying_price
2026-01-02T09:18:09.153333+00:00,ETH,ETH-25SEP26,3109.63,3109.62,3109.63,92,2,deribit_options_snapshot_20260102T091809Z.csv,1767345489153,True,after,1776010928502.0,8665439.349,2209.5,2209.57,2185.19,739.0,sell,ETH-298728515,False,3109.63,snapshot_underlying_price
2026-01-02T09:18:09.153333+00:00,ETH,ETH-26JUN26,3082.39,3082.38,3082.39,92,2,deribit_options_snapshot_20260102T091809Z.csv,1767345489153,True,after,1776010985059.0,8665495.906,2193.5,2193.55,2186.5,208.0,sell,ETH-298728546,False,3082.39,snapshot_underlying_price
2026-01-02T09:18:09.153333+00:00,ETH,ETH-27FEB26,3050.55,3050.55,3050.57,50,2,deribit_options_snapshot_20260102T091809Z.csv,1767345489153,False,,,,,,,,,,False,3050.55,snapshot_underlying_price
2026-01-02T09:18:09.153333+00:00,ETH,ETH-27MAR26,3059.52,3059.51,3059.52,108,2,deribit_options_snapshot_20260102T091809Z.csv,1767345489153,False,,,,,,,,,,False,3059.52,snapshot_underlying_price
2026-01-02T09:18:09.153333+00:00,ETH,ETH-30JAN26,3041.43,3041.43,3041.44,70,2,deribit_options_snapshot_20260102T091809Z.csv,1767345489153,False,,,,,,,,,,False,3041.43,snapshot_underlying_price
2026-01-02T09:18:09.153333+00:00,ETH,ETH-9JAN26,3036.12,3036.12,3036.12,38,1,deribit_options_snapshot_20260102T091809Z.csv,1767345489153,False,,,,,,,,,,False,3036.12,snapshot_underlying_price
2026-01-02T16:26:24.692316+00:00,BTC,BTC-16JAN26,89968.16,89963.46,89968.16,34,2,deribit_options_snapshot_20260102T162624Z.csv,1767371184692,False,,,,,,,,,,False,89968.16,snapshot_underlying_price
2026-01-02T16:26:24.692316+00:00,BTC,BTC-25DEC26,93986.49,93981.79,93986.49,44,2,deribit_options_snapshot_20260102T162624Z.csv,1767371184692,True,after,1776011127586.0,8639942.894,72352.5,72349.77,70961.69,1020.0,sell,424800481,False,93986.49,snapshot_underlying_price
2026-01-02T16:26:24.692316+00:00,BTC,BTC-25SEP26,92875.31,92870.61,92875.31,70,2,deribit_options_snapshot_20260102T162624Z.csv,1767371184692,True,after,1776010893858.0,8639709.166,71577.5,71585.41,70868.97,570.0,buy,424800327,False,92875.31,snapshot_underlying_price
2026-01-02T16:26:24.692316+00:00,BTC,BTC-26JUN26,91769.76,91767.23,91769.76,82,2,deribit_options_snapshot_20260102T162624Z.csv,1767371184692,True,after,1776011144362.0,8639959.67,71172.5,71165.69,70944.95,20.0,sell,424800494,False,91769.76,snapshot_underlying_price
2026-01-02T16:26:24.692316+00:00,BTC,BTC-27FEB26,90327.81,90323.11,90327.81,64,2,deribit_options_snapshot_20260102T162624Z.csv,1767371184692,False,,,,,,,,,,False,90327.81,snapshot_underlying_price
2026-01-02T16:26:24.692316+00:00,BTC,BTC-27MAR26,90768.43,90765.9,90768.43,100,2,deribit_options_snapshot_20260102T162624Z.csv,1767371184692,False,,,,,,,,,,False,90768.43,snapshot_underlying_price
2026-01-02T16:26:24.692316+00:00,BTC,BTC-30JAN26,90103.87,90099.17,90103.87,74,2,deribit_options_snapshot_20260102T162624Z.csv,1767371184692,False,,,,,,,,,,False,90103.87,snapshot_underlying_price
2026-01-02T16:26:24.692316+00:00,BTC,BTC-9JAN26,89884.8,89882.16,89884.8,36,3,deribit_options_snapshot_20260102T162624Z.csv,1767371184692,False,,,,,,,,,,False,89884.8,snapshot_underlying_price
2026-01-02T16:26:24.692316+00:00,ETH,ETH-16JAN26,3106.01,3106.01,3106.07,34,2,deribit_options_snapshot_20260102T162624Z.csv,1767371184692,False,,,,,,,,,,False,3106.01,snapshot_underlying_price
2026-01-02T16:26:24.692316+00:00,ETH,ETH-25DEC26,3210.53,3210.53,3210.58,44,2,deribit_options_snapshot_20260102T162624Z.csv,1767371184692,True,after,1776012229120.0,8641044.428,2228.75,2228.68,2184.76,765.0,buy,ETH-298729072,False,3210.53,snapshot_underlying_price
2026-01-02T16:26:24.692316+00:00,ETH,ETH-25SEP26,3179.15,3179.08,3179.15,92,2,deribit_options_snapshot_20260102T162624Z.csv,1767371184692,True,after,1776010928502.0,8639743.81,2209.5,2209.57,2185.19,739.0,sell,ETH-298728515,False,3179.15,snapshot_underlying_price
2026-01-02T16:26:24.692316+00:00,ETH,ETH-26JUN26,3152.12,3152.12,3152.17,92,2,deribit_options_snapshot_20260102T162624Z.csv,1767371184692,True,after,1776010985059.0,8639800.367,2193.5,2193.55,2186.5,208.0,sell,ETH-298728546,False,3152.12,snapshot_underlying_price
2026-01-02T16:26:24.692316+00:00,ETH,ETH-27FEB26,3119.04,3119.02,3119.04,50,2,deribit_options_snapshot_20260102T162624Z.csv,1767371184692,False,,,,,,,,,,False,3119.04,snapshot_underlying_price
2026-01-02T16:26:24.692316+00:00,ETH,ETH-27MAR26,3128.84,3128.79,3128.84,108,2,deribit_options_snapshot_20260102T162624Z.csv,1767371184692,False,,,,,,,,,,False,3128.84,snapshot_underlying_price
2026-01-02T16:26:24.692316+00:00,ETH,ETH-30JAN26,3108.97,3108.97,3109.02,70,2,deribit_options_snapshot_20260102T162624Z.csv,1767371184692,False,,,,,,,,,,False,3108.97,snapshot_underlying_price
2026-01-02T16:26:24.692316+00:00,ETH,ETH-9JAN26,3105.22,3105.14,3105.22,38,2,deribit_options_snapshot_20260102T162624Z.csv,1767371184692,False,,,,,,,,,,False,3105.22,snapshot_underlying_price
2026-01-02T21:16:23.492240+00:00,BTC,BTC-16JAN26,89947.07,89946.47,89947.75,34,4,deribit_options_snapshot_20260102T211623Z.csv,1767388583492,False,,,,,,,,,,False,89947.07,snapshot_underlying_price
2026-01-02T21:16:23.492240+00:00,BTC,BTC-25DEC26,93965.88,93965.59,93965.88,44,2,deribit_options_snapshot_20260102T211623Z.csv,1767388583492,True,after,1776011127586.0,8622544.094,72352.5,72349.77,70961.69,1020.0,sell,424800481,False,93965.88,snapshot_underlying_price
2026-01-02T21:16:23.492240+00:00,BTC,BTC-25SEP26,92869.42,92869.13,92870.44,70,4,deribit_options_snapshot_20260102T211623Z.csv,1767388583492,True,after,1776011327445.0,8622743.953,71685.0,71678.93,70959.99,10.0,sell,424800603,False,92869.42,snapshot_underlying_price
2026-01-02T21:16:23.492240+00:00,BTC,BTC-26JUN26,91757.52,91757.23,91757.7,82,3,deribit_options_snapshot_20260102T211623Z.csv,1767388583492,True,after,1776011144362.0,8622560.87,71172.5,71165.69,70944.95,20.0,sell,424800494,False,91757.52,snapshot_underlying_price
2026-01-02T21:16:23.492240+00:00,BTC,BTC-27FEB26,90330.51,90329.99,90330.96,64,4,deribit_options_snapshot_20260102T211623Z.csv,1767388583492,False,,,,,,,,,,False,90330.51,snapshot_underlying_price
2026-01-02T21:16:23.492240+00:00,BTC,BTC-27MAR26,90722.95,90722.66,90723.16,100,4,deribit_options_snapshot_20260102T211623Z.csv,1767388583492,False,,,,,,,,,,False,90722.95,snapshot_underlying_price
2026-01-02T21:16:23.492240+00:00,BTC,BTC-30JAN26,90073.23,90072.94,90073.82,74,4,deribit_options_snapshot_20260102T211623Z.csv,1767388583492,False,,,,,,,,,,False,90073.23,snapshot_underlying_price
2026-01-02T21:16:23.492240+00:00,BTC,BTC-9JAN26,89850.82,89850.53,89851.04,36,4,deribit_options_snapshot_20260102T211623Z.csv,1767388583492,False,,,,,,,,,,False,89850.82,snapshot_underlying_price
2026-01-02T21:16:23.492240+00:00,ETH,ETH-16JAN26,3119.36,3119.36,3119.41,36,2,deribit_options_snapshot_20260102T211623Z.csv,1767388583492,False,,,,,,,,,,False,3119.36,snapshot_underlying_price
2026-01-02T21:16:23.492240+00:00,ETH,ETH-25DEC26,3226.73,3226.73,3226.78,44,2,deribit_options_snapshot_20260102T211623Z.csv,1767388583492,True,after,1776012229120.0,8623645.628,2228.75,2228.68,2184.76,765.0,buy,ETH-298729072,False,3226.73,snapshot_underlying_price
2026-01-02T21:16:23.492240+00:00,ETH,ETH-25SEP26,3194.27,3194.27,3194.29,92,2,deribit_options_snapshot_20260102T211623Z.csv,1767388583492,True,after,1776010928502.0,8622345.01,2209.5,2209.57,2185.19,739.0,sell,ETH-298728515,False,3194.27,snapshot_underlying_price
2026-01-02T21:16:23.492240+00:00,ETH,ETH-26JUN26,3166.47,3166.47,3166.49,92,2,deribit_options_snapshot_20260102T211623Z.csv,1767388583492,True,after,1776010985059.0,8622401.567,2193.5,2193.55,2186.5,208.0,sell,ETH-298728546,False,3166.47,snapshot_underlying_price
2026-01-02T21:16:23.492240+00:00,ETH,ETH-27FEB26,3132.51,3132.49,3132.51,50,2,deribit_options_snapshot_20260102T211623Z.csv,1767388583492,False,,,,,,,,,,False,3132.51,snapshot_underlying_price
2026-01-02T21:16:23.492240+00:00,ETH,ETH-27MAR26,3141.66,3141.61,3141.66,108,2,deribit_options_snapshot_20260102T211623Z.csv,1767388583492,False,,,,,,,,,,False,3141.66,snapshot_underlying_price
2026-01-02T21:16:23.492240+00:00,ETH,ETH-30JAN26,3123.24,3123.24,3123.29,70,2,deribit_options_snapshot_20260102T211623Z.csv,1767388583492,False,,,,,,,,,,False,3123.24,snapshot_underlying_price
2026-01-02T21:16:23.492240+00:00,ETH,ETH-9JAN26,3118.49,3118.44,3118.49,38,2,deribit_options_snapshot_20260102T211623Z.csv,1767388583492,False,,,,,,,,,,False,3118.49,snapshot_underlying_price
2026-01-03T03:48:31.847432+00:00,BTC,BTC-16JAN26,90485.53,90485.44,90485.53,34,2,deribit_options_snapshot_20260103T034831Z.csv,1767412111847,False,,,,,,,,,,False,90485.53,snapshot_underlying_price
2026-01-03T03:48:31.847432+00:00,BTC,BTC-25DEC26,94501.26,94501.25,94501.26,44,2,deribit_options_snapshot_20260103T034831Z.csv,1767412111847,True,after,1776011127586.0,8599015.739,72352.5,72349.77,70961.69,1020.0,sell,424800481,False,94501.26,snapshot_underlying_price
2026-01-03T03:48:31.847432+00:00,BTC,BTC-25SEP26,93413.82,93413.82,93414.0,70,2,deribit_options_snapshot_20260103T034831Z.csv,1767412111847,True,after,1776011327445.0,8599215.598,71685.0,71678.93,70959.99,10.0,sell,424800603,False,93413.82,snapshot_underlying_price
2026-01-03T03:48:31.847432+00:00,BTC,BTC-26JUN26,92308.72,92308.72,92308.89,82,2,deribit_options_snapshot_20260103T034831Z.csv,1767412111847,True,after,1776011144362.0,8599032.515,71172.5,71165.69,70944.95,20.0,sell,424800494,False,92308.72,snapshot_underlying_price
2026-01-03T03:48:31.847432+00:00,BTC,BTC-27FEB26,90883.87,90883.87,90884.04,64,2,deribit_options_snapshot_20260103T034831Z.csv,1767412111847,False,,,,,,,,,,False,90883.87,snapshot_underlying_price
2026-01-03T03:48:31.847432+00:00,BTC,BTC-27MAR26,91285.87,91285.87,91286.04,100,2,deribit_options_snapshot_20260103T034831Z.csv,1767412111847,False,,,,,,,,,,False,91285.87,snapshot_underlying_price
2026-01-03T03:48:31.847432+00:00,BTC,BTC-30JAN26,90623.48,90623.48,90623.65,74,2,deribit_options_snapshot_20260103T034831Z.csv,1767412111847,False,,,,,,,,,,False,90623.48,snapshot_underlying_price
2026-01-03T03:48:31.847432+00:00,BTC,BTC-9JAN26,90394.46,90394.29,90394.46,36,2,deribit_options_snapshot_20260103T034831Z.csv,1767412111847,False,,,,,,,,,,False,90394.46,snapshot_underlying_price
2026-01-03T03:48:31.847432+00:00,ETH,ETH-16JAN26,3127.83,3127.83,3127.92,36,2,deribit_options_snapshot_20260103T034831Z.csv,1767412111847,False,,,,,,,,,,False,3127.83,snapshot_underlying_price
2026-01-03T03:48:31.847432+00:00,ETH,ETH-25DEC26,3236.63,3236.63,3236.73,44,2,deribit_options_snapshot_20260103T034831Z.csv,1767412111847,True,after,1776012229120.0,8600117.273,2228.75,2228.68,2184.76,765.0,buy,ETH-298729072,False,3236.63,snapshot_underlying_price
2026-01-03T03:48:31.847432+00:00,ETH,ETH-25SEP26,3205.21,3205.12,3205.21,92,2,deribit_options_snapshot_20260103T034831Z.csv,1767412111847,True,after,1776010928502.0,8598816.655,2209.5,2209.57,2185.19,739.0,sell,ETH-298728515,False,3205.21,snapshot_underlying_price
2026-01-03T03:48:31.847432+00:00,ETH,ETH-26JUN26,3176.89,3176.8,3176.89,92,2,deribit_options_snapshot_20260103T034831Z.csv,1767412111847,True,after,1776010985059.0,8598873.212,2193.5,2193.55,2186.5,208.0,sell,ETH-298728546,False,3176.89,snapshot_underlying_price
2026-01-03T03:48:31.847432+00:00,ETH,ETH-27FEB26,3141.9,3141.9,3141.97,50,2,deribit_options_snapshot_20260103T034831Z.csv,1767412111847,False,,,,,,,,,,False,3141.9,snapshot_underlying_price
2026-01-03T03:48:31.847432+00:00,ETH,ETH-27MAR26,3151.64,3151.57,3151.64,108,3,deribit_options_snapshot_20260103T034831Z.csv,1767412111847,False,,,,,,,,,,False,3151.64,snapshot_underlying_price
2026-01-03T03:48:31.847432+00:00,ETH,ETH-30JAN26,3131.69,3131.69,3131.75,70,4,deribit_options_snapshot_20260103T034831Z.csv,1767412111847,False,,,,,,,,,,False,3131.69,snapshot_underlying_price
2026-01-03T03:48:31.847432+00:00,ETH,ETH-9JAN26,3126.96,3126.86,3126.96,38,2,deribit_options_snapshot_20260103T034831Z.csv,1767412111847,False,,,,,,,,,,False,3126.96,snapshot_underlying_price
2026-01-03T09:14:26.617222+00:00,BTC,BTC-16JAN26,89797.3,89797.3,89797.54,34,2,deribit_options_snapshot_20260103T091426Z.csv,1767431666617,False,,,,,,,,,,False,89797.3,snapshot_underlying_price
2026-01-03T09:14:26.617222+00:00,BTC,BTC-25DEC26,93801.62,93801.37,93801.62,44,2,deribit_options_snapshot_20260103T091426Z.csv,1767431666617,True,after,1776011127586.0,8579460.969,72352.5,72349.77,70961.69,1020.0,sell,424800481,False,93801.62,snapshot_underlying_price
2026-01-03T09:14:26.617222+00:00,BTC,BTC-25SEP26,92713.72,92713.47,92713.72,70,2,deribit_options_snapshot_20260103T091426Z.csv,1767431666617,True,after,1776011327445.0,8579660.828,71685.0,71678.93,70959.99,10.0,sell,424800603,False,92713.72,snapshot_underlying_price
2026-01-03T09:14:26.617222+00:00,BTC,BTC-26JUN26,91615.41,91615.16,91615.41,82,2,deribit_options_snapshot_20260103T091426Z.csv,1767431666617,True,after,1776011144362.0,8579477.745,71172.5,71165.69,70944.95,20.0,sell,424800494,False,91615.41,snapshot_underlying_price
2026-01-03T09:14:26.617222+00:00,BTC,BTC-27FEB26,90188.03,90187.8,90188.03,64,2,deribit_options_snapshot_20260103T091426Z.csv,1767431666617,False,,,,,,,,,,False,90188.03,snapshot_underlying_price
2026-01-03T09:14:26.617222+00:00,BTC,BTC-27MAR26,90595.46,90595.11,90595.46,100,2,deribit_options_snapshot_20260103T091426Z.csv,1767431666617,False,,,,,,,,,,False,90595.46,snapshot_underlying_price
2026-01-03T09:14:26.617222+00:00,BTC,BTC-30JAN26,89938.16,89937.91,89938.16,74,2,deribit_options_snapshot_20260103T091426Z.csv,1767431666617,False,,,,,,,,,,False,89938.16,snapshot_underlying_price
2026-01-03T09:14:26.617222+00:00,BTC,BTC-9JAN26,89706.61,89706.61,89706.86,36,2,deribit_options_snapshot_20260103T091426Z.csv,1767431666617,False,,,,,,,,,,False,89706.61,snapshot_underlying_price
2026-01-03T09:14:26.617222+00:00,ETH,ETH-16JAN26,3097.49,3097.49,3097.5,36,2,deribit_options_snapshot_20260103T091426Z.csv,1767431666617,False,,,,,,,,,,False,3097.49,snapshot_underlying_price
2026-01-03T09:14:26.617222+00:00,ETH,ETH-25DEC26,3202.99,3202.99,3202.99,44,1,deribit_options_snapshot_20260103T091426Z.csv,1767431666617,True,after,1776012229120.0,8580562.503,2228.75,2228.68,2184.76,765.0,buy,ETH-298729072,False,3202.99,snapshot_underlying_price
2026-01-03T09:14:26.617222+00:00,ETH,ETH-25SEP26,3173.47,3173.45,3173.47,92,2,deribit_options_snapshot_20260103T091426Z.csv,1767431666617,True,after,1776010928502.0,8579261.885,2209.5,2209.57,2185.19,739.0,sell,ETH-298728515,False,3173.47,snapshot_underlying_price
2026-01-03T09:14:26.617222+00:00,ETH,ETH-26JUN26,3145.57,3145.56,3145.57,92,2,deribit_options_snapshot_20260103T091426Z.csv,1767431666617,True,after,1776010985059.0,8579318.442,2193.5,2193.55,2186.5,208.0,sell,ETH-298728546,False,3145.57,snapshot_underlying_price
2026-01-03T09:14:26.617222+00:00,ETH,ETH-27FEB26,3110.09,3110.06,3110.12,50,3,deribit_options_snapshot_20260103T091426Z.csv,1767431666617,False,,,,,,,,,,False,3110.09,snapshot_underlying_price
2026-01-03T09:14:26.617222+00:00,ETH,ETH-27MAR26,3120.08,3120.07,3120.08,108,2,deribit_options_snapshot_20260103T091426Z.csv,1767431666617,False,,,,,,,,,,False,3120.08,snapshot_underlying_price
2026-01-03T09:14:26.617222+00:00,ETH,ETH-30JAN26,3099.72,3099.72,3099.74,70,2,deribit_options_snapshot_20260103T091426Z.csv,1767431666617,False,,,,,,,,,,False,3099.72,snapshot_underlying_price
2026-01-03T09:14:26.617222+00:00,ETH,ETH-9JAN26,3096.03,3096.03,3096.04,38,2,deribit_options_snapshot_20260103T091426Z.csv,1767431666617,False,,,,,,,,,,False,3096.03,snapshot_underlying_price
2026-01-03T15:27:25.683184+00:00,BTC,BTC-16JAN26,90167.16,90167.16,90167.59,34,2,deribit_options_snapshot_20260103T152725Z.csv,1767454045683,False,,,,,,,,,,False,90167.16,snapshot_underlying_price
2026-01-03T15:27:25.683184+00:00,BTC,BTC-25DEC26,94194.79,94194.44,94194.79,44,2,deribit_options_snapshot_20260103T152725Z.csv,1767454045683,True,after,1776011127586.0,8557081.903,72352.5,72349.77,70961.69,1020.0,sell,424800481,False,94194.79,snapshot_underlying_price
2026-01-03T15:27:25.683184+00:00,BTC,BTC-25SEP26,93100.42,93100.11,93100.42,70,2,deribit_options_snapshot_20260103T152725Z.csv,1767454045683,True,after,1776011327445.0,8557281.762,71685.0,71678.93,70959.99,10.0,sell,424800603,False,93100.42,snapshot_underlying_price
2026-01-03T15:27:25.683184+00:00,BTC,BTC-26JUN26,92009.48,92009.24,92009.48,82,2,deribit_options_snapshot_20260103T152725Z.csv,1767454045683,True,after,1776011144362.0,8557098.679,71172.5,71165.69,70944.95,20.0,sell,424800494,False,92009.48,snapshot_underlying_price
2026-01-03T15:27:25.683184+00:00,BTC,BTC-27FEB26,90571.99,90571.62,90571.99,64,2,deribit_options_snapshot_20260103T152725Z.csv,1767454045683,False,,,,,,,,,,False,90571.99,snapshot_underlying_price
2026-01-03T15:27:25.683184+00:00,BTC,BTC-27MAR26,90988.45,90988.08,90988.45,100,2,deribit_options_snapshot_20260103T152725Z.csv,1767454045683,False,,,,,,,,,,False,90988.45,snapshot_underlying_price
2026-01-03T15:27:25.683184+00:00,BTC,BTC-30JAN26,90328.8,90328.56,90328.8,74,2,deribit_options_snapshot_20260103T152725Z.csv,1767454045683,False,,,,,,,,,,False,90328.8,snapshot_underlying_price
2026-01-03T15:27:25.683184+00:00,BTC,BTC-9JAN26,90090.8,90090.8,90091.15,36,2,deribit_options_snapshot_20260103T152725Z.csv,1767454045683,False,,,,,,,,,,False,90090.8,snapshot_underlying_price
2026-01-03T15:27:25.683184+00:00,ETH,ETH-16JAN26,3107.32,3107.32,3107.4,36,2,deribit_options_snapshot_20260103T152725Z.csv,1767454045683,False,,,,,,,,,,False,3107.32,snapshot_underlying_price
2026-01-03T15:27:25.683184+00:00,ETH,ETH-25DEC26,3213.9,3213.9,3213.99,44,2,deribit_options_snapshot_20260103T152725Z.csv,1767454045683,True,after,1776012229120.0,8558183.437,2228.75,2228.68,2184.76,765.0,buy,ETH-298729072,False,3213.9,snapshot_underlying_price
2026-01-03T15:27:25.683184+00:00,ETH,ETH-25SEP26,3183.62,3183.5,3183.62,92,2,deribit_options_snapshot_20260103T152725Z.csv,1767454045683,True,after,1776010928502.0,8556882.819,2209.5,2209.57,2185.19,739.0,sell,ETH-298728515,False,3183.62,snapshot_underlying_price
2026-01-03T15:27:25.683184+00:00,ETH,ETH-26JUN26,3156.09,3156.01,3156.09,92,3,deribit_options_snapshot_20260103T152725Z.csv,1767454045683,True,after,1776010985059.0,8556939.376,2193.5,2193.55,2186.5,208.0,sell,ETH-298728546,False,3156.09,snapshot_underlying_price
2026-01-03T15:27:25.683184+00:00,ETH,ETH-27FEB26,3120.17,3120.17,3120.25,50,2,deribit_options_snapshot_20260103T152725Z.csv,1767454045683,False,,,,,,,,,,False,3120.17,snapshot_underlying_price
2026-01-03T15:27:25.683184+00:00,ETH,ETH-27MAR26,3130.21,3130.13,3130.21,108,2,deribit_options_snapshot_20260103T152725Z.csv,1767454045683,False,,,,,,,,,,False,3130.21,snapshot_underlying_price
2026-01-03T15:27:25.683184+00:00,ETH,ETH-30JAN26,3109.51,3109.51,3109.59,70,2,deribit_options_snapshot_20260103T152725Z.csv,1767454045683,False,,,,,,,,,,False,3109.51,snapshot_underlying_price
2026-01-03T15:27:25.683184+00:00,ETH,ETH-9JAN26,3105.99,3105.91,3105.99,38,2,deribit_options_snapshot_20260103T152725Z.csv,1767454045683,False,,,,,,,,,,False,3105.99,snapshot_underlying_price
2026-01-03T21:18:32.479021+00:00,BTC,BTC-16JAN26,90545.77,90545.55,90545.77,34,2,deribit_options_snapshot_20260103T211832Z.csv,1767475112479,False,,,,,,,,,,False,90545.77,snapshot_underlying_price
2026-01-03T21:18:32.479021+00:00,BTC,BTC-25DEC26,94605.08,94604.82,94605.08,44,2,deribit_options_snapshot_20260103T211832Z.csv,1767475112479,True,after,1776011127586.0,8536015.107,72352.5,72349.77,70961.69,1020.0,sell,424800481,False,94605.08,snapshot_underlying_price
2026-01-03T21:18:32.479021+00:00,BTC,BTC-25SEP26,93512.88,93512.85,93512.88,70,2,deribit_options_snapshot_20260103T211832Z.csv,1767475112479,True,after,1776011327445.0,8536214.966,71685.0,71678.93,70959.99,10.0,sell,424800603,False,93512.88,snapshot_underlying_price
2026-01-03T21:18:32.479021+00:00,BTC,BTC-26JUN26,92390.77,92390.51,92390.77,82,2,deribit_options_snapshot_20260103T211832Z.csv,1767475112479,True,after,1776011144362.0,8536031.883,71172.5,71165.69,70944.95,20.0,sell,424800494,False,92390.77,snapshot_underlying_price
2026-01-03T21:18:32.479021+00:00,BTC,BTC-27FEB26,90959.09,90958.82,90959.09,64,2,deribit_options_snapshot_20260103T211832Z.csv,1767475112479,False,,,,,,,,,,False,90959.09,snapshot_underlying_price
2026-01-03T21:18:32.479021+00:00,BTC,BTC-27MAR26,91358.35,91358.14,91358.35,100,2,deribit_options_snapshot_20260103T211832Z.csv,1767475112479,False,,,,,,,,,,False,91358.35,snapshot_underlying_price
2026-01-03T21:18:32.479021+00:00,BTC,BTC-30JAN26,90704.09,90704.09,90704.09,74,1,deribit_options_snapshot_20260103T211832Z.csv,1767475112479,False,,,,,,,,,,False,90704.09,snapshot_underlying_price
2026-01-03T21:18:32.479021+00:00,BTC,BTC-9JAN26,90444.9,90444.87,90444.9,36,2,deribit_options_snapshot_20260103T211832Z.csv,1767475112479,False,,,,,,,,,,False,90444.9,snapshot_underlying_price
2026-01-03T21:18:32.479021+00:00,ETH,ETH-16JAN26,3118.94,3118.94,3118.97,36,2,deribit_options_snapshot_20260103T211832Z.csv,1767475112479,False,,,,,,,,,,False,3118.94,snapshot_underlying_price
2026-01-03T21:18:32.479021+00:00,ETH,ETH-25DEC26,3227.11,3227.11,3227.12,44,2,deribit_options_snapshot_20260103T211832Z.csv,1767475112479,True,after,1776012229120.0,8537116.641,2228.75,2228.68,2184.76,765.0,buy,ETH-298729072,False,3227.11,snapshot_underlying_price
2026-01-03T21:18:32.479021+00:00,ETH,ETH-25SEP26,3195.14,3195.12,3195.14,92,2,deribit_options_snapshot_20260103T211832Z.csv,1767475112479,True,after,1776010928502.0,8535816.023,2209.5,2209.57,2185.19,739.0,sell,ETH-298728515,False,3195.14,snapshot_underlying_price
2026-01-03T21:18:32.479021+00:00,ETH,ETH-26JUN26,3167.7,3167.67,3167.7,92,3,deribit_options_snapshot_20260103T211832Z.csv,1767475112479,True,after,1776010985059.0,8535872.58,2193.5,2193.55,2186.5,208.0,sell,ETH-298728546,False,3167.7,snapshot_underlying_price
2026-01-03T21:18:32.479021+00:00,ETH,ETH-27FEB26,3132.85,3132.85,3132.88,50,2,deribit_options_snapshot_20260103T211832Z.csv,1767475112479,False,,,,,,,,,,False,3132.85,snapshot_underlying_price
2026-01-03T21:18:32.479021+00:00,ETH,ETH-27MAR26,3142.2,3142.17,3142.2,108,3,deribit_options_snapshot_20260103T211832Z.csv,1767475112479,False,,,,,,,,,,False,3142.2,snapshot_underlying_price
2026-01-03T21:18:32.479021+00:00,ETH,ETH-30JAN26,3123.15,3123.15,3123.17,70,3,deribit_options_snapshot_20260103T211832Z.csv,1767475112479,False,,,,,,,,,,False,3123.15,snapshot_underlying_price
2026-01-03T21:18:32.479021+00:00,ETH,ETH-9JAN26,3118.74,3118.73,3118.74,38,2,deribit_options_snapshot_20260103T211832Z.csv,1767475112479,False,,,,,,,,,,False,3118.74,snapshot_underlying_price
2026-01-04T04:06:22.127106+00:00,BTC,BTC-16JAN26,91422.74,91422.71,91422.74,36,2,deribit_options_snapshot_20260104T040622Z.csv,1767499582127,False,,,,,,,,,,False,91422.74,snapshot_underlying_price
2026-01-04T04:06:22.127106+00:00,BTC,BTC-25DEC26,95628.39,95628.39,95628.59,44,2,deribit_options_snapshot_20260104T040622Z.csv,1767499582127,True,after,1776011127586.0,8511545.459,72352.5,72349.77,70961.69,1020.0,sell,424800481,False,95628.39,snapshot_underlying_price
2026-01-04T04:06:22.127106+00:00,BTC,BTC-25SEP26,94526.77,94526.36,94526.85,70,3,deribit_options_snapshot_20260104T040622Z.csv,1767499582127,True,after,1776011327445.0,8511745.318,71685.0,71678.93,70959.99,10.0,sell,424800603,False,94526.77,snapshot_underlying_price
2026-01-04T04:06:22.127106+00:00,BTC,BTC-26JUN26,93425.38,93425.24,93425.46,82,3,deribit_options_snapshot_20260104T040622Z.csv,1767499582127,True,after,1776011144362.0,8511562.235,71172.5,71165.69,70944.95,20.0,sell,424800494,False,93425.38,snapshot_underlying_price
2026-01-04T04:06:22.127106+00:00,BTC,BTC-27FEB26,91900.85,91900.85,91900.88,64,2,deribit_options_snapshot_20260104T040622Z.csv,1767499582127,False,,,,,,,,,,False,91900.85,snapshot_underlying_price
2026-01-04T04:06:22.127106+00:00,BTC,BTC-27MAR26,92298.94,92298.94,92299.04,102,2,deribit_options_snapshot_20260104T040622Z.csv,1767499582127,False,,,,,,,,,,False,92298.94,snapshot_underlying_price
2026-01-04T04:06:22.127106+00:00,BTC,BTC-30JAN26,91595.97,91595.93,91596.1,74,4,deribit_options_snapshot_20260104T040622Z.csv,1767499582127,False,,,,,,,,,,False,91595.97,snapshot_underlying_price
2026-01-04T04:06:22.127106+00:00,BTC,BTC-9JAN26,91334.53,91334.07,91334.53,36,3,deribit_options_snapshot_20260104T040622Z.csv,1767499582127,False,,,,,,,,,,False,91334.53,snapshot_underlying_price
2026-01-04T04:06:22.127106+00:00,ETH,ETH-16JAN26,3148.46,3148.46,3148.58,36,2,deribit_options_snapshot_20260104T040622Z.csv,1767499582127,False,,,,,,,,,,False,3148.46,snapshot_underlying_price
2026-01-04T04:06:22.127106+00:00,ETH,ETH-25DEC26,3260.22,3260.22,3260.34,44,2,deribit_options_snapshot_20260104T040622Z.csv,1767499582127,True,after,1776012229120.0,8512646.993,2228.75,2228.68,2184.76,765.0,buy,ETH-298729072,False,3260.22,snapshot_underlying_price
2026-01-04T04:06:22.127106+00:00,ETH,ETH-25SEP26,3226.99,3226.87,3226.99,92,2,deribit_options_snapshot_20260104T040622Z.csv,1767499582127,True,after,1776010928502.0,8511346.375,2209.5,2209.57,2185.19,739.0,sell,ETH-298728515,False,3226.99,snapshot_underlying_price
2026-01-04T04:06:22.127106+00:00,ETH,ETH-26JUN26,3198.18,3198.18,3198.34,92,2,deribit_options_snapshot_20260104T040622Z.csv,1767499582127,True,after,1776010985059.0,8511402.932,2193.5,2193.55,2186.5,208.0,sell,ETH-298728546,False,3198.18,snapshot_underlying_price
2026-01-04T04:06:22.127106+00:00,ETH,ETH-27FEB26,3161.57,3161.57,3161.69,50,2,deribit_options_snapshot_20260104T040622Z.csv,1767499582127,False,,,,,,,,,,False,3161.57,snapshot_underlying_price
2026-01-04T04:06:22.127106+00:00,ETH,ETH-27MAR26,3171.87,3171.75,3171.87,108,2,deribit_options_snapshot_20260104T040622Z.csv,1767499582127,False,,,,,,,,,,False,3171.87,snapshot_underlying_price
2026-01-04T04:06:22.127106+00:00,ETH,ETH-30JAN26,3151.7,3151.7,3151.82,70,2,deribit_options_snapshot_20260104T040622Z.csv,1767499582127,False,,,,,,,,,,False,3151.7,snapshot_underlying_price
2026-01-04T04:06:22.127106+00:00,ETH,ETH-9JAN26,3147.06,3146.94,3147.06,38,2,deribit_options_snapshot_20260104T040622Z.csv,1767499582127,False,,,,,,,,,,False,3147.06,snapshot_underlying_price
2026-01-04T09:13:50.098573+00:00,BTC,BTC-16JAN26,91438.3,91438.3,91438.34,36,2,deribit_options_snapshot_20260104T091350Z.csv,1767518030098,False,,,,,,,,,,False,91438.3,snapshot_underlying_price
2026-01-04T09:13:50.098573+00:00,BTC,BTC-25DEC26,95633.46,95633.21,95633.46,44,2,deribit_options_snapshot_20260104T091350Z.csv,1767518030098,True,after,1776011127586.0,8493097.488,72352.5,72349.77,70961.69,1020.0,sell,424800481,False,95633.46,snapshot_underlying_price
2026-01-04T09:13:50.098573+00:00,BTC,BTC-25SEP26,94540.79,94540.79,94540.85,70,2,deribit_options_snapshot_20260104T091350Z.csv,1767518030098,True,after,1776011327445.0,8493297.347,71685.0,71678.93,70959.99,10.0,sell,424800603,False,94540.79,snapshot_underlying_price
2026-01-04T09:13:50.098573+00:00,BTC,BTC-26JUN26,93423.56,93423.56,93423.75,82,2,deribit_options_snapshot_20260104T091350Z.csv,1767518030098,True,after,1776011144362.0,8493114.264,71172.5,71165.69,70944.95,20.0,sell,424800494,False,93423.56,snapshot_underlying_price
2026-01-04T09:13:50.098573+00:00,BTC,BTC-27FEB26,91930.25,91930.25,91930.57,64,2,deribit_options_snapshot_20260104T091350Z.csv,1767518030098,False,,,,,,,,,,False,91930.25,snapshot_underlying_price
2026-01-04T09:13:50.098573+00:00,BTC,BTC-27MAR26,92331.1,92331.1,92331.48,102,2,deribit_options_snapshot_20260104T091350Z.csv,1767518030098,False,,,,,,,,,,False,92331.1,snapshot_underlying_price
2026-01-04T09:13:50.098573+00:00,BTC,BTC-30JAN26,91620.45,91620.45,91620.63,74,2,deribit_options_snapshot_20260104T091350Z.csv,1767518030098,False,,,,,,,,,,False,91620.45,snapshot_underlying_price
2026-01-04T09:13:50.098573+00:00,BTC,BTC-9JAN26,91346.9,91346.87,91346.9,36,2,deribit_options_snapshot_20260104T091350Z.csv,1767518030098,False,,,,,,,,,,False,91346.9,snapshot_underlying_price
2026-01-04T09:13:50.098573+00:00,ETH,ETH-16JAN26,3141.44,3141.42,3141.44,36,2,deribit_options_snapshot_20260104T091350Z.csv,1767518030098,False,,,,,,,,,,False,3141.44,snapshot_underlying_price
2026-01-04T09:13:50.098573+00:00,ETH,ETH-25DEC26,3252.46,3252.44,3252.46,44,2,deribit_options_snapshot_20260104T091350Z.csv,1767518030098,True,after,1776012229120.0,8494199.022,2228.75,2228.68,2184.76,765.0,buy,ETH-298729072,False,3252.46,snapshot_underlying_price
2026-01-04T09:13:50.098573+00:00,ETH,ETH-25SEP26,3221.72,3221.72,3221.75,92,2,deribit_options_snapshot_20260104T091350Z.csv,1767518030098,True,after,1776010928502.0,8492898.404,2209.5,2209.57,2185.19,739.0,sell,ETH-298728515,False,3221.72,snapshot_underlying_price
2026-01-04T09:13:50.098573+00:00,ETH,ETH-26JUN26,3192.93,3192.93,3192.95,92,2,deribit_options_snapshot_20260104T091350Z.csv,1767518030098,True,after,1776010985059.0,8492954.961,2193.5,2193.55,2186.5,208.0,sell,ETH-298728546,False,3192.93,snapshot_underlying_price
2026-01-04T09:13:50.098573+00:00,ETH,ETH-27FEB26,3156.19,3156.17,3156.19,50,2,deribit_options_snapshot_20260104T091350Z.csv,1767518030098,False,,,,,,,,,,False,3156.19,snapshot_underlying_price
2026-01-04T09:13:50.098573+00:00,ETH,ETH-27MAR26,3164.96,3164.96,3164.99,108,2,deribit_options_snapshot_20260104T091350Z.csv,1767518030098,False,,,,,,,,,,False,3164.96,snapshot_underlying_price
2026-01-04T09:13:50.098573+00:00,ETH,ETH-30JAN26,3144.77,3144.75,3144.77,70,2,deribit_options_snapshot_20260104T091350Z.csv,1767518030098,False,,,,,,,,,,False,3144.77,snapshot_underlying_price
2026-01-04T09:13:50.098573+00:00,ETH,ETH-9JAN26,3139.98,3139.98,3140.0,38,2,deribit_options_snapshot_20260104T091350Z.csv,1767518030098,False,,,,,,,,,,False,3139.98,snapshot_underlying_price
2026-01-04T15:27:20.147376+00:00,BTC,BTC-16JAN26,91364.32,91364.1,91364.32,36,3,deribit_options_snapshot_20260104T152720Z.csv,1767540440147,False,,,,,,,,,,False,91364.32,snapshot_underlying_price
2026-01-04T15:27:20.147376+00:00,BTC,BTC-25DEC26,95564.33,95564.33,95564.43,44,2,deribit_options_snapshot_20260104T152720Z.csv,1767540440147,True,after,1776011127586.0,8470687.439,72352.5,72349.77,70961.69,1020.0,sell,424800481,False,95564.33,snapshot_underlying_price
2026-01-04T15:27:20.147376+00:00,BTC,BTC-25SEP26,94491.32,94491.18,94491.67,70,4,deribit_options_snapshot_20260104T152720Z.csv,1767540440147,True,after,1776011327445.0,8470887.298,71685.0,71678.93,70959.99,10.0,sell,424800603,False,94491.32,snapshot_underlying_price
2026-01-04T15:27:20.147376+00:00,BTC,BTC-26JUN26,93355.66,93355.62,93355.93,82,3,deribit_options_snapshot_20260104T152720Z.csv,1767540440147,True,after,1776011144362.0,8470704.215,71172.5,71165.69,70944.95,20.0,sell,424800494,False,93355.66,snapshot_underlying_price
2026-01-04T15:27:20.147376+00:00,BTC,BTC-27FEB26,91850.87,91850.87,91851.19,64,2,deribit_options_snapshot_20260104T152720Z.csv,1767540440147,False,,,,,,,,,,False,91850.87,snapshot_underlying_price
2026-01-04T15:27:20.147376+00:00,BTC,BTC-27MAR26,92251.58,92251.58,92251.85,102,4,deribit_options_snapshot_20260104T152720Z.csv,1767540440147,False,,,,,,,,,,False,92251.58,snapshot_underlying_price
2026-01-04T15:27:20.147376+00:00,BTC,BTC-30JAN26,91545.24,91545.16,91545.6,74,3,deribit_options_snapshot_20260104T152720Z.csv,1767540440147,False,,,,,,,,,,False,91545.24,snapshot_underlying_price
2026-01-04T15:27:20.147376+00:00,BTC,BTC-9JAN26,91289.34,91288.85,91289.34,36,2,deribit_options_snapshot_20260104T152720Z.csv,1767540440147,False,,,,,,,,,,False,91289.34,snapshot_underlying_price
2026-01-04T15:27:20.147376+00:00,ETH,ETH-16JAN26,3138.14,3138.11,3138.14,36,2,deribit_options_snapshot_20260104T152720Z.csv,1767540440147,False,,,,,,,,,,False,3138.14,snapshot_underlying_price
2026-01-04T15:27:20.147376+00:00,ETH,ETH-25DEC26,3252.51,3252.47,3252.51,44,2,deribit_options_snapshot_20260104T152720Z.csv,1767540440147,True,after,1776012229120.0,8471788.973,2228.75,2228.68,2184.76,765.0,buy,ETH-298729072,False,3252.51,snapshot_underlying_price
2026-01-04T15:27:20.147376+00:00,ETH,ETH-25SEP26,3220.11,3220.11,3220.14,92,2,deribit_options_snapshot_20260104T152720Z.csv,1767540440147,True,after,1776010928502.0,8470488.355,2209.5,2209.57,2185.19,739.0,sell,ETH-298728515,False,3220.11,snapshot_underlying_price
2026-01-04T15:27:20.147376+00:00,ETH,ETH-26JUN26,3191.28,3191.28,3191.31,92,2,deribit_options_snapshot_20260104T152720Z.csv,1767540440147,True,after,1776010985059.0,8470544.912,2193.5,2193.55,2186.5,208.0,sell,ETH-298728546,False,3191.28,snapshot_underlying_price
2026-01-04T15:27:20.147376+00:00,ETH,ETH-27FEB26,3152.45,3152.42,3152.45,50,2,deribit_options_snapshot_20260104T152720Z.csv,1767540440147,False,,,,,,,,,,False,3152.45,snapshot_underlying_price
2026-01-04T15:27:20.147376+00:00,ETH,ETH-27MAR26,3161.81,3161.81,3161.84,108,2,deribit_options_snapshot_20260104T152720Z.csv,1767540440147,False,,,,,,,,,,False,3161.81,snapshot_underlying_price
2026-01-04T15:27:20.147376+00:00,ETH,ETH-30JAN26,3141.08,3141.05,3141.08,70,2,deribit_options_snapshot_20260104T152720Z.csv,1767540440147,False,,,,,,,,,,False,3141.08,snapshot_underlying_price
2026-01-04T15:27:20.147376+00:00,ETH,ETH-9JAN26,3136.85,3136.85,3136.85,38,1,deribit_options_snapshot_20260104T152720Z.csv,1767540440147,False,,,,,,,,,,False,3136.85,snapshot_underlying_price
2026-01-04T21:18:46.793423+00:00,BTC,BTC-16JAN26,91459.46,91459.39,91459.46,36,2,deribit_options_snapshot_20260104T211846Z.csv,1767561526793,False,,,,,,,,,,False,91459.46,snapshot_underlying_price
2026-01-04T21:18:46.793423+00:00,BTC,BTC-25DEC26,95714.84,95714.84,95714.88,44,2,deribit_options_snapshot_20260104T211846Z.csv,1767561526793,True,after,1776011127586.0,8449600.793,72352.5,72349.77,70961.69,1020.0,sell,424800481,False,95714.84,snapshot_underlying_price
2026-01-04T21:18:46.793423+00:00,BTC,BTC-25SEP26,94623.05,94623.03,94623.05,70,2,deribit_options_snapshot_20260104T211846Z.csv,1767561526793,True,after,1776011327445.0,8449800.652,71685.0,71678.93,70959.99,10.0,sell,424800603,False,94623.05,snapshot_underlying_price
2026-01-04T21:18:46.793423+00:00,BTC,BTC-26JUN26,93485.1,93484.79,93485.1,82,2,deribit_options_snapshot_20260104T211846Z.csv,1767561526793,True,after,1776011144362.0,8449617.569,71172.5,71165.69,70944.95,20.0,sell,424800494,False,93485.1,snapshot_underlying_price
2026-01-04T21:18:46.793423+00:00,BTC,BTC-27FEB26,91956.27,91956.11,91956.27,64,2,deribit_options_snapshot_20260104T211846Z.csv,1767561526793,False,,,,,,,,,,False,91956.27,snapshot_underlying_price
2026-01-04T21:18:46.793423+00:00,BTC,BTC-27MAR26,92374.01,92374.01,92374.3,102,4,deribit_options_snapshot_20260104T211846Z.csv,1767561526793,False,,,,,,,,,,False,92374.01,snapshot_underlying_price
2026-01-04T21:18:46.793423+00:00,BTC,BTC-30JAN26,91642.98,91642.93,91642.98,74,2,deribit_options_snapshot_20260104T211846Z.csv,1767561526793,False,,,,,,,,,,False,91642.98,snapshot_underlying_price
2026-01-04T21:18:46.793423+00:00,BTC,BTC-9JAN26,91381.46,91381.02,91381.46,36,3,deribit_options_snapshot_20260104T211846Z.csv,1767561526793,False,,,,,,,,,,False,91381.46,snapshot_underlying_price
2026-01-04T21:18:46.793423+00:00,ETH,ETH-16JAN26,3149.08,3149.03,3149.08,36,2,deribit_options_snapshot_20260104T211846Z.csv,1767561526793,False,,,,,,,,,,False,3149.08,snapshot_underlying_price
2026-01-04T21:18:46.793423+00:00,ETH,ETH-25DEC26,3265.37,3265.32,3265.37,44,2,deribit_options_snapshot_20260104T211846Z.csv,1767561526793,True,after,1776012229120.0,8450702.327,2228.75,2228.68,2184.76,765.0,buy,ETH-298729072,False,3265.37,snapshot_underlying_price
2026-01-04T21:18:46.793423+00:00,ETH,ETH-25SEP26,3232.78,3232.78,3232.83,92,2,deribit_options_snapshot_20260104T211846Z.csv,1767561526793,True,after,1776010985099.0,8449458.306,2211.0,2210.85,2186.5,127.0,sell,ETH-298728556,False,3232.78,snapshot_underlying_price
2026-01-04T21:18:46.793423+00:00,ETH,ETH-26JUN26,3203.49,3203.49,3203.54,92,2,deribit_options_snapshot_20260104T211846Z.csv,1767561526793,True,after,1776010985059.0,8449458.266,2193.5,2193.55,2186.5,208.0,sell,ETH-298728546,False,3203.49,snapshot_underlying_price
2026-01-04T21:18:46.793423+00:00,ETH,ETH-27FEB26,3162.48,3162.43,3162.48,50,2,deribit_options_snapshot_20260104T211846Z.csv,1767561526793,False,,,,,,,,,,False,3162.48,snapshot_underlying_price
2026-01-04T21:18:46.793423+00:00,ETH,ETH-27MAR26,3173.12,3173.12,3173.17,108,2,deribit_options_snapshot_20260104T211846Z.csv,1767561526793,False,,,,,,,,,,False,3173.12,snapshot_underlying_price
2026-01-04T21:18:46.793423+00:00,ETH,ETH-30JAN26,3151.29,3151.23,3151.29,70,2,deribit_options_snapshot_20260104T211846Z.csv,1767561526793,False,,,,,,,,,,False,3151.29,snapshot_underlying_price
2026-01-04T21:18:46.793423+00:00,ETH,ETH-9JAN26,3147.79,3147.79,3147.8,38,2,deribit_options_snapshot_20260104T211846Z.csv,1767561526793,False,,,,,,,,,,False,3147.79,snapshot_underlying_price
2026-01-05T04:11:27.551698+00:00,BTC,BTC-16JAN26,92962.99,92962.85,92962.99,36,3,deribit_options_snapshot_20260105T041127Z.csv,1767586287551,False,,,,,,,,,,False,92962.99,snapshot_underlying_price
2026-01-05T04:11:27.551698+00:00,BTC,BTC-25DEC26,97249.69,97249.69,97249.92,46,2,deribit_options_snapshot_20260105T041127Z.csv,1767586287551,True,after,1776011127586.0,8424840.035,72352.5,72349.77,70961.69,1020.0,sell,424800481,False,97249.69,snapshot_underlying_price
2026-01-05T04:11:27.551698+00:00,BTC,BTC-25SEP26,96131.81,96131.69,96132.04,70,3,deribit_options_snapshot_20260105T041127Z.csv,1767586287551,True,after,1776011327445.0,8425039.894,71685.0,71678.93,70959.99,10.0,sell,424800603,False,96131.81,snapshot_underlying_price
2026-01-05T04:11:27.551698+00:00,BTC,BTC-26JUN26,94970.02,94969.8,94970.16,82,3,deribit_options_snapshot_20260105T041127Z.csv,1767586287551,True,after,1776011144362.0,8424856.811,71172.5,71165.69,70944.95,20.0,sell,424800494,False,94970.02,snapshot_underlying_price
2026-01-05T04:11:27.551698+00:00,BTC,BTC-27FEB26,93513.6,93513.42,93513.74,64,3,deribit_options_snapshot_20260105T041127Z.csv,1767586287551,False,,,,,,,,,,False,93513.6,snapshot_underlying_price
2026-01-05T04:11:27.551698+00:00,BTC,BTC-27MAR26,93888.93,93888.93,93889.25,102,3,deribit_options_snapshot_20260105T041127Z.csv,1767586287551,False,,,,,,,,,,False,93888.93,snapshot_underlying_price
2026-01-05T04:11:27.551698+00:00,BTC,BTC-30JAN26,93183.37,93183.37,93183.51,74,3,deribit_options_snapshot_20260105T041127Z.csv,1767586287551,False,,,,,,,,,,False,93183.37,snapshot_underlying_price
2026-01-05T04:11:27.551698+00:00,BTC,BTC-9JAN26,92871.0,92870.86,92871.0,38,2,deribit_options_snapshot_20260105T041127Z.csv,1767586287551,False,,,,,,,,,,False,92871.0,snapshot_underlying_price
2026-01-05T04:11:27.551698+00:00,ETH,ETH-16JAN26,3180.88,3180.86,3180.88,36,2,deribit_options_snapshot_20260105T041127Z.csv,1767586287551,False,,,,,,,,,,False,3180.88,snapshot_underlying_price
2026-01-05T04:11:27.551698+00:00,ETH,ETH-25DEC26,3296.33,3296.31,3296.33,44,2,deribit_options_snapshot_20260105T041127Z.csv,1767586287551,True,after,1776012229120.0,8425941.569,2228.75,2228.68,2184.76,765.0,buy,ETH-298729072,False,3296.33,snapshot_underlying_price
2026-01-05T04:11:27.551698+00:00,ETH,ETH-25SEP26,3265.06,3265.06,3265.11,92,2,deribit_options_snapshot_20260105T041127Z.csv,1767586287551,True,after,1776010985099.0,8424697.548,2211.0,2210.85,2186.5,127.0,sell,ETH-298728556,False,3265.06,snapshot_underlying_price
2026-01-05T04:11:27.551698+00:00,ETH,ETH-26JUN26,3235.22,3235.22,3235.24,92,2,deribit_options_snapshot_20260105T041127Z.csv,1767586287551,True,after,1776010985059.0,8424697.508,2193.5,2193.55,2186.5,208.0,sell,ETH-298728546,False,3235.22,snapshot_underlying_price
2026-01-05T04:11:27.551698+00:00,ETH,ETH-27FEB26,3194.51,3194.49,3194.51,50,2,deribit_options_snapshot_20260105T041127Z.csv,1767586287551,False,,,,,,,,,,False,3194.51,snapshot_underlying_price
2026-01-05T04:11:27.551698+00:00,ETH,ETH-27MAR26,3205.4,3205.16,3205.4,108,2,deribit_options_snapshot_20260105T041127Z.csv,1767586287551,False,,,,,,,,,,False,3205.4,snapshot_underlying_price
2026-01-05T04:11:27.551698+00:00,ETH,ETH-30JAN26,3183.57,3183.55,3183.57,70,2,deribit_options_snapshot_20260105T041127Z.csv,1767586287551,False,,,,,,,,,,False,3183.57,snapshot_underlying_price
2026-01-05T04:11:27.551698+00:00,ETH,ETH-9JAN26,3179.95,3179.95,3179.97,38,2,deribit_options_snapshot_20260105T041127Z.csv,1767586287551,False,,,,,,,,,,False,3179.95,snapshot_underlying_price
2026-01-05T09:25:11.513224+00:00,BTC,BTC-16JAN26,92678.24,92678.24,92678.43,36,2,deribit_options_snapshot_20260105T092511Z.csv,1767605111513,False,,,,,,,,,,False,92678.24,snapshot_underlying_price
2026-01-05T09:25:11.513224+00:00,BTC,BTC-25DEC26,97006.76,97006.63,97006.76,46,2,deribit_options_snapshot_20260105T092511Z.csv,1767605111513,True,after,1776011127586.0,8406016.073,72352.5,72349.77,70961.69,1020.0,sell,424800481,False,97006.76,snapshot_underlying_price
2026-01-05T09:25:11.513224+00:00,BTC,BTC-25SEP26,95892.95,95892.76,95892.95,70,2,deribit_options_snapshot_20260105T092511Z.csv,1767605111513,True,after,1776011327445.0,8406215.932,71685.0,71678.93,70959.99,10.0,sell,424800603,False,95892.95,snapshot_underlying_price
2026-01-05T09:25:11.513224+00:00,BTC,BTC-26JUN26,94718.91,94718.72,94718.91,82,2,deribit_options_snapshot_20260105T092511Z.csv,1767605111513,True,after,1776011144362.0,8406032.849,71172.5,71165.69,70944.95,20.0,sell,424800494,False,94718.91,snapshot_underlying_price
2026-01-05T09:25:11.513224+00:00,BTC,BTC-27FEB26,93249.58,93249.58,93250.12,64,2,deribit_options_snapshot_20260105T092511Z.csv,1767605111513,False,,,,,,,,,,False,93249.58,snapshot_underlying_price
2026-01-05T09:25:11.513224+00:00,BTC,BTC-27MAR26,93636.6,93636.6,93636.96,102,2,deribit_options_snapshot_20260105T092511Z.csv,1767605111513,False,,,,,,,,,,False,93636.6,snapshot_underlying_price
2026-01-05T09:25:11.513224+00:00,BTC,BTC-30JAN26,92898.77,92898.58,92898.77,74,2,deribit_options_snapshot_20260105T092511Z.csv,1767605111513,False,,,,,,,,,,False,92898.77,snapshot_underlying_price
2026-01-05T09:25:11.513224+00:00,BTC,BTC-9JAN26,92601.11,92601.11,92601.52,38,2,deribit_options_snapshot_20260105T092511Z.csv,1767605111513,False,,,,,,,,,,False,92601.11,snapshot_underlying_price
2026-01-05T09:25:11.513224+00:00,ETH,ETH-16JAN26,3165.69,3165.67,3165.7,36,3,deribit_options_snapshot_20260105T092511Z.csv,1767605111513,False,,,,,,,,,,False,3165.69,snapshot_underlying_price
2026-01-05T09:25:11.513224+00:00,ETH,ETH-25DEC26,3281.05,3281.05,3281.06,44,2,deribit_options_snapshot_20260105T092511Z.csv,1767605111513,True,after,1776012229120.0,8407117.607,2228.75,2228.68,2184.76,765.0,buy,ETH-298729072,False,3281.05,snapshot_underlying_price
2026-01-05T09:25:11.513224+00:00,ETH,ETH-25SEP26,3248.82,3248.76,3248.82,92,4,deribit_options_snapshot_20260105T092511Z.csv,1767605111513,True,after,1776010985099.0,8405873.586,2211.0,2210.85,2186.5,127.0,sell,ETH-298728556,False,3248.82,snapshot_underlying_price
2026-01-05T09:25:11.513224+00:00,ETH,ETH-26JUN26,3218.96,3218.93,3218.96,92,4,deribit_options_snapshot_20260105T092511Z.csv,1767605111513,True,after,1776010985059.0,8405873.546,2193.5,2193.55,2186.5,208.0,sell,ETH-298728546,False,3218.96,snapshot_underlying_price
2026-01-05T09:25:11.513224+00:00,ETH,ETH-27FEB26,3180.09,3180.09,3180.1,50,2,deribit_options_snapshot_20260105T092511Z.csv,1767605111513,False,,,,,,,,,,False,3180.09,snapshot_underlying_price
2026-01-05T09:25:11.513224+00:00,ETH,ETH-27MAR26,3190.64,3190.61,3190.64,108,3,deribit_options_snapshot_20260105T092511Z.csv,1767605111513,False,,,,,,,,,,False,3190.64,snapshot_underlying_price
2026-01-05T09:25:11.513224+00:00,ETH,ETH-30JAN26,3168.76,3168.75,3168.77,70,3,deribit_options_snapshot_20260105T092511Z.csv,1767605111513,False,,,,,,,,,,False,3168.76,snapshot_underlying_price
2026-01-05T09:25:11.513224+00:00,ETH,ETH-9JAN26,3164.85,3164.81,3164.85,38,5,deribit_options_snapshot_20260105T092511Z.csv,1767605111513,False,,,,,,,,,,False,3164.85,snapshot_underlying_price
2026-01-05T15:33:29.748387+00:00,BTC,BTC-16JAN26,93758.42,93758.42,93760.48,38,2,deribit_options_snapshot_20260105T153329Z.csv,1767627209748,False,,,,,,,,,,False,93758.42,snapshot_underlying_price
2026-01-05T15:33:29.748387+00:00,BTC,BTC-25DEC26,97963.07,97963.07,97965.13,46,2,deribit_options_snapshot_20260105T153329Z.csv,1767627209748,True,after,1776011127586.0,8383917.838,72352.5,72349.77,70961.69,1020.0,sell,424800481,False,97963.07,snapshot_underlying_price
2026-01-05T15:33:29.748387+00:00,BTC,BTC-25SEP26,96976.11,96976.11,96978.17,70,2,deribit_options_snapshot_20260105T153329Z.csv,1767627209748,True,after,1776011327445.0,8384117.697,71685.0,71678.93,70959.99,10.0,sell,424800603,False,96976.11,snapshot_underlying_price
2026-01-05T15:33:29.748387+00:00,BTC,BTC-26JUN26,95789.0,95789.0,95791.34,82,2,deribit_options_snapshot_20260105T153329Z.csv,1767627209748,True,after,1776011144362.0,8383934.614,71172.5,71165.69,70944.95,20.0,sell,424800494,False,95789.0,snapshot_underlying_price
2026-01-05T15:33:29.748387+00:00,BTC,BTC-27FEB26,94319.52,94319.52,94322.53,64,2,deribit_options_snapshot_20260105T153329Z.csv,1767627209748,False,,,,,,,,,,False,94319.52,snapshot_underlying_price
2026-01-05T15:33:29.748387+00:00,BTC,BTC-27MAR26,94702.02,94702.02,94704.08,102,2,deribit_options_snapshot_20260105T153329Z.csv,1767627209748,False,,,,,,,,,,False,94702.02,snapshot_underlying_price
2026-01-05T15:33:29.748387+00:00,BTC,BTC-30JAN26,94003.15,94003.15,94005.21,74,2,deribit_options_snapshot_20260105T153329Z.csv,1767627209748,False,,,,,,,,,,False,94003.15,snapshot_underlying_price
2026-01-05T15:33:29.748387+00:00,BTC,BTC-9JAN26,93670.14,93668.08,93670.14,38,2,deribit_options_snapshot_20260105T153329Z.csv,1767627209748,False,,,,,,,,,,False,93670.14,snapshot_underlying_price
2026-01-05T15:33:29.748387+00:00,ETH,ETH-16JAN26,3182.59,3182.59,3183.04,36,2,deribit_options_snapshot_20260105T153329Z.csv,1767627209748,False,,,,,,,,,,False,3182.59,snapshot_underlying_price
2026-01-05T15:33:29.748387+00:00,ETH,ETH-25DEC26,3298.54,3298.54,3298.99,44,2,deribit_options_snapshot_20260105T153329Z.csv,1767627209748,True,after,1776012229120.0,8385019.372,2228.75,2228.68,2184.76,765.0,buy,ETH-298729072,False,3298.54,snapshot_underlying_price
2026-01-05T15:33:29.748387+00:00,ETH,ETH-25SEP26,3267.42,3266.97,3267.42,92,2,deribit_options_snapshot_20260105T153329Z.csv,1767627209748,True,after,1776010985099.0,8383775.351,2211.0,2210.85,2186.5,127.0,sell,ETH-298728556,False,3267.42,snapshot_underlying_price
2026-01-05T15:33:29.748387+00:00,ETH,ETH-26JUN26,3236.92,3236.92,3237.37,92,2,deribit_options_snapshot_20260105T153329Z.csv,1767627209748,True,after,1776010985059.0,8383775.311,2193.5,2193.55,2186.5,208.0,sell,ETH-298728546,False,3236.92,snapshot_underlying_price
2026-01-05T15:33:29.748387+00:00,ETH,ETH-27FEB26,3196.17,3196.17,3196.62,50,2,deribit_options_snapshot_20260105T153329Z.csv,1767627209748,False,,,,,,,,,,False,3196.17,snapshot_underlying_price
2026-01-05T15:33:29.748387+00:00,ETH,ETH-27MAR26,3207.95,3207.5,3207.95,108,2,deribit_options_snapshot_20260105T153329Z.csv,1767627209748,False,,,,,,,,,,False,3207.95,snapshot_underlying_price
2026-01-05T15:33:29.748387+00:00,ETH,ETH-30JAN26,3185.89,3185.89,3186.34,70,2,deribit_options_snapshot_20260105T153329Z.csv,1767627209748,False,,,,,,,,,,False,3185.89,snapshot_underlying_price
2026-01-05T15:33:29.748387+00:00,ETH,ETH-9JAN26,3181.84,3181.76,3181.84,38,2,deribit_options_snapshot_20260105T153329Z.csv,1767627209748,False,,,,,,,,,,False,3181.84,snapshot_underlying_price
2026-01-05T21:21:30.249804+00:00,BTC,BTC-16JAN26,94242.02,94241.65,94242.02,38,2,deribit_options_snapshot_20260105T212130Z.csv,1767648090249,False,,,,,,,,,,False,94242.02,snapshot_underlying_price
2026-01-05T21:21:30.249804+00:00,BTC,BTC-25DEC26,98661.01,98661.01,98661.38,46,2,deribit_options_snapshot_20260105T212130Z.csv,1767648090249,True,after,1776011127586.0,8363037.337,72352.5,72349.77,70961.69,1020.0,sell,424800481,False,98661.01,snapshot_underlying_price
2026-01-05T21:21:30.249804+00:00,BTC,BTC-25SEP26,97539.41,97539.41,97539.78,70,2,deribit_options_snapshot_20260105T212130Z.csv,1767648090249,True,after,1776011327445.0,8363237.196,71685.0,71678.93,70959.99,10.0,sell,424800603,False,97539.41,snapshot_underlying_price
2026-01-05T21:21:30.249804+00:00,BTC,BTC-26JUN26,96315.39,96315.39,96315.76,82,2,deribit_options_snapshot_20260105T212130Z.csv,1767648090249,True,after,1776011144362.0,8363054.113,71172.5,71165.69,70944.95,20.0,sell,424800494,False,96315.39,snapshot_underlying_price
2026-01-05T21:21:30.249804+00:00,BTC,BTC-27FEB26,94774.61,94774.61,94774.98,64,2,deribit_options_snapshot_20260105T212130Z.csv,1767648090249,False,,,,,,,,,,False,94774.61,snapshot_underlying_price
2026-01-05T21:21:30.249804+00:00,BTC,BTC-27MAR26,95176.2,95175.7,95176.2,102,2,deribit_options_snapshot_20260105T212130Z.csv,1767648090249,False,,,,,,,,,,False,95176.2,snapshot_underlying_price
2026-01-05T21:21:30.249804+00:00,BTC,BTC-30JAN26,94459.67,94459.67,94460.04,74,2,deribit_options_snapshot_20260105T212130Z.csv,1767648090249,False,,,,,,,,,,False,94459.67,snapshot_underlying_price
2026-01-05T21:21:30.249804+00:00,BTC,BTC-9JAN26,94152.01,94151.64,94152.01,38,2,deribit_options_snapshot_20260105T212130Z.csv,1767648090249,False,,,,,,,,,,False,94152.01,snapshot_underlying_price
2026-01-05T21:21:30.249804+00:00,ETH,ETH-16JAN26,3245.82,3245.82,3245.94,40,2,deribit_options_snapshot_20260105T212130Z.csv,1767648090249,False,,,,,,,,,,False,3245.82,snapshot_underlying_price
2026-01-05T21:21:30.249804+00:00,ETH,ETH-25DEC26,3366.38,3366.38,3366.5,46,2,deribit_options_snapshot_20260105T212130Z.csv,1767648090249,True,after,1776012229120.0,8364138.871,2228.75,2228.68,2184.76,765.0,buy,ETH-298729072,False,3366.38,snapshot_underlying_price
2026-01-05T21:21:30.249804+00:00,ETH,ETH-25SEP26,3333.82,3333.7,3333.82,92,2,deribit_options_snapshot_20260105T212130Z.csv,1767648090249,True,after,1776010985099.0,8362894.85,2211.0,2210.85,2186.5,127.0,sell,ETH-298728556,False,3333.82,snapshot_underlying_price
2026-01-05T21:21:30.249804+00:00,ETH,ETH-26JUN26,3301.74,3301.62,3301.74,92,2,deribit_options_snapshot_20260105T212130Z.csv,1767648090249,True,after,1776010985059.0,8362894.81,2193.5,2193.55,2186.5,208.0,sell,ETH-298728546,False,3301.74,snapshot_underlying_price
2026-01-05T21:21:30.249804+00:00,ETH,ETH-27FEB26,3259.76,3259.76,3259.88,50,2,deribit_options_snapshot_20260105T212130Z.csv,1767648090249,False,,,,,,,,,,False,3259.76,snapshot_underlying_price
2026-01-05T21:21:30.249804+00:00,ETH,ETH-27MAR26,3271.59,3271.52,3271.59,110,2,deribit_options_snapshot_20260105T212130Z.csv,1767648090249,False,,,,,,,,,,False,3271.59,snapshot_underlying_price
2026-01-05T21:21:30.249804+00:00,ETH,ETH-30JAN26,3249.61,3249.61,3249.75,70,2,deribit_options_snapshot_20260105T212130Z.csv,1767648090249,False,,,,,,,,,,False,3249.61,snapshot_underlying_price
2026-01-05T21:21:30.249804+00:00,ETH,ETH-9JAN26,3244.53,3244.41,3244.53,38,2,deribit_options_snapshot_20260105T212130Z.csv,1767648090249,False,,,,,,,,,,False,3244.53,snapshot_underlying_price
2026-01-06T03:56:17.842160+00:00,BTC,BTC-16JAN26,93900.27,93900.21,93900.27,38,2,deribit_options_snapshot_20260106T035617Z.csv,1767671777842,False,,,,,,,,,,False,93900.27,snapshot_underlying_price
2026-01-06T03:56:17.842160+00:00,BTC,BTC-25DEC26,98313.41,98313.41,98313.66,46,2,deribit_options_snapshot_20260106T035617Z.csv,1767671777842,True,after,1776011127586.0,8339349.744,72352.5,72349.77,70961.69,1020.0,sell,424800481,False,98313.41,snapshot_underlying_price
2026-01-06T03:56:17.842160+00:00,BTC,BTC-25SEP26,97169.58,97169.41,97169.58,70,2,deribit_options_snapshot_20260106T035617Z.csv,1767671777842,True,after,1776011327445.0,8339549.603,71685.0,71678.93,70959.99,10.0,sell,424800603,False,97169.58,snapshot_underlying_price
2026-01-06T03:56:17.842160+00:00,BTC,BTC-26JUN26,95965.98,95965.98,95966.03,82,2,deribit_options_snapshot_20260106T035617Z.csv,1767671777842,True,after,1776011144362.0,8339366.52,71172.5,71165.69,70944.95,20.0,sell,424800494,False,95965.98,snapshot_underlying_price
2026-01-06T03:56:17.842160+00:00,BTC,BTC-27FEB26,94443.59,94443.59,94443.6,64,2,deribit_options_snapshot_20260106T035617Z.csv,1767671777842,False,,,,,,,,,,False,94443.59,snapshot_underlying_price
2026-01-06T03:56:17.842160+00:00,BTC,BTC-27MAR26,94842.68,94842.68,94842.73,104,2,deribit_options_snapshot_20260106T035617Z.csv,1767671777842,False,,,,,,,,,,False,94842.68,snapshot_underlying_price
2026-01-06T03:56:17.842160+00:00,BTC,BTC-30JAN26,94105.97,94105.97,94106.02,74,2,deribit_options_snapshot_20260106T035617Z.csv,1767671777842,False,,,,,,,,,,False,94105.97,snapshot_underlying_price
2026-01-06T03:56:17.842160+00:00,BTC,BTC-9JAN26,93802.55,93802.53,93802.55,38,2,deribit_options_snapshot_20260106T035617Z.csv,1767671777842,False,,,,,,,,,,False,93802.55,snapshot_underlying_price
2026-01-06T03:56:17.842160+00:00,ETH,ETH-16JAN26,3225.84,3225.84,3225.85,40,2,deribit_options_snapshot_20260106T035617Z.csv,1767671777842,False,,,,,,,,,,False,3225.84,snapshot_underlying_price
2026-01-06T03:56:17.842160+00:00,ETH,ETH-25DEC26,3348.92,3348.92,3348.92,46,1,deribit_options_snapshot_20260106T035617Z.csv,1767671777842,True,after,1776012229120.0,8340451.278,2228.75,2228.68,2184.76,765.0,buy,ETH-298729072,False,3348.92,snapshot_underlying_price
2026-01-06T03:56:17.842160+00:00,ETH,ETH-25SEP26,3316.33,3316.32,3316.33,92,2,deribit_options_snapshot_20260106T035617Z.csv,1767671777842,True,after,1776010985099.0,8339207.257,2211.0,2210.85,2186.5,127.0,sell,ETH-298728556,False,3316.33,snapshot_underlying_price
2026-01-06T03:56:17.842160+00:00,ETH,ETH-26JUN26,3284.3,3284.29,3284.3,92,2,deribit_options_snapshot_20260106T035617Z.csv,1767671777842,True,after,1776010985059.0,8339207.217,2193.5,2193.55,2186.5,208.0,sell,ETH-298728546,False,3284.3,snapshot_underlying_price
2026-01-06T03:56:17.842160+00:00,ETH,ETH-27FEB26,3240.51,3240.51,3240.52,50,2,deribit_options_snapshot_20260106T035617Z.csv,1767671777842,False,,,,,,,,,,False,3240.51,snapshot_underlying_price
2026-01-06T03:56:17.842160+00:00,ETH,ETH-27MAR26,3252.51,3252.5,3252.51,110,2,deribit_options_snapshot_20260106T035617Z.csv,1767671777842,False,,,,,,,,,,False,3252.51,snapshot_underlying_price
2026-01-06T03:56:17.842160+00:00,ETH,ETH-30JAN26,3229.94,3229.94,3230.0,70,2,deribit_options_snapshot_20260106T035617Z.csv,1767671777842,False,,,,,,,,,,False,3229.94,snapshot_underlying_price
2026-01-06T03:56:17.842160+00:00,ETH,ETH-9JAN26,3224.45,3224.39,3224.45,38,2,deribit_options_snapshot_20260106T035617Z.csv,1767671777842,False,,,,,,,,,,False,3224.45,snapshot_underlying_price
2026-01-06T09:20:20.905105+00:00,BTC,BTC-16JAN26,93648.23,93648.23,93648.27,42,2,deribit_options_snapshot_20260106T092020Z.csv,1767691220905,False,,,,,,,,,,False,93648.23,snapshot_underlying_price
2026-01-06T09:20:20.905105+00:00,BTC,BTC-25DEC26,98030.3,98030.27,98030.3,46,2,deribit_options_snapshot_20260106T092020Z.csv,1767691220905,True,after,1776011127586.0,8319906.681,72352.5,72349.77,70961.69,1020.0,sell,424800481,False,98030.3,snapshot_underlying_price
2026-01-06T09:20:20.905105+00:00,BTC,BTC-25SEP26,96908.28,96908.28,96908.32,70,2,deribit_options_snapshot_20260106T092020Z.csv,1767691220905,True,after,1776011327445.0,8320106.54,71685.0,71678.93,70959.99,10.0,sell,424800603,False,96908.28,snapshot_underlying_price
2026-01-06T09:20:20.905105+00:00,BTC,BTC-26JUN26,95676.1,95676.1,95676.14,82,2,deribit_options_snapshot_20260106T092020Z.csv,1767691220905,True,after,1776011144362.0,8319923.457,71172.5,71165.69,70944.95,20.0,sell,424800494,False,95676.1,snapshot_underlying_price
2026-01-06T09:20:20.905105+00:00,BTC,BTC-27FEB26,94158.62,94158.62,94158.66,64,2,deribit_options_snapshot_20260106T092020Z.csv,1767691220905,False,,,,,,,,,,False,94158.62,snapshot_underlying_price
2026-01-06T09:20:20.905105+00:00,BTC,BTC-27MAR26,94570.03,94570.03,94570.11,104,3,deribit_options_snapshot_20260106T092020Z.csv,1767691220905,False,,,,,,,,,,False,94570.03,snapshot_underlying_price
2026-01-06T09:20:20.905105+00:00,BTC,BTC-30JAN26,93823.48,93823.48,93823.52,74,5,deribit_options_snapshot_20260106T092020Z.csv,1767691220905,False,,,,,,,,,,False,93823.48,snapshot_underlying_price
2026-01-06T09:20:20.905105+00:00,BTC,BTC-9JAN26,93550.7,93550.7,93550.82,40,3,deribit_options_snapshot_20260106T092020Z.csv,1767691220905,False,,,,,,,,,,False,93550.7,snapshot_underlying_price
2026-01-06T09:20:20.905105+00:00,ETH,ETH-16JAN26,3229.66,3229.63,3229.67,42,4,deribit_options_snapshot_20260106T092020Z.csv,1767691220905,False,,,,,,,,,,False,3229.66,snapshot_underlying_price
2026-01-06T09:20:20.905105+00:00,ETH,ETH-25DEC26,3351.91,3351.87,3351.91,46,2,deribit_options_snapshot_20260106T092020Z.csv,1767691220905,True,after,1776012229120.0,8321008.215,2228.75,2228.68,2184.76,765.0,buy,ETH-298729072,False,3351.91,snapshot_underlying_price
2026-01-06T09:20:20.905105+00:00,ETH,ETH-25SEP26,3319.52,3319.52,3319.55,92,2,deribit_options_snapshot_20260106T092020Z.csv,1767691220905,True,after,1776010985099.0,8319764.194,2211.0,2210.85,2186.5,127.0,sell,ETH-298728556,False,3319.52,snapshot_underlying_price
2026-01-06T09:20:20.905105+00:00,ETH,ETH-26JUN26,3287.58,3287.58,3287.61,92,3,deribit_options_snapshot_20260106T092020Z.csv,1767691220905,True,after,1776010985059.0,8319764.154,2193.5,2193.55,2186.5,208.0,sell,ETH-298728546,False,3287.58,snapshot_underlying_price
2026-01-06T09:20:20.905105+00:00,ETH,ETH-27FEB26,3244.3,3244.3,3244.3,50,1,deribit_options_snapshot_20260106T092020Z.csv,1767691220905,False,,,,,,,,,,False,3244.3,snapshot_underlying_price
2026-01-06T09:20:20.905105+00:00,ETH,ETH-27MAR26,3255.88,3255.88,3255.92,110,3,deribit_options_snapshot_20260106T092020Z.csv,1767691220905,False,,,,,,,,,,False,3255.88,snapshot_underlying_price
2026-01-06T09:20:20.905105+00:00,ETH,ETH-30JAN26,3234.07,3234.03,3234.07,70,2,deribit_options_snapshot_20260106T092020Z.csv,1767691220905,False,,,,,,,,,,False,3234.07,snapshot_underlying_price
2026-01-06T09:20:20.905105+00:00,ETH,ETH-9JAN26,3227.98,3227.98,3228.02,48,3,deribit_options_snapshot_20260106T092020Z.csv,1767691220905,False,,,,,,,,,,False,3227.98,snapshot_underlying_price
2026-01-06T15:32:40.562166+00:00,BTC,BTC-16JAN26,94114.36,94113.29,94114.36,42,2,deribit_options_snapshot_20260106T153240Z.csv,1767713560562,False,,,,,,,,,,False,94114.36,snapshot_underlying_price
2026-01-06T15:32:40.562166+00:00,BTC,BTC-25DEC26,98579.01,98577.94,98579.01,46,2,deribit_options_snapshot_20260106T153240Z.csv,1767713560562,True,after,1776011127586.0,8297567.024,72352.5,72349.77,70961.69,1020.0,sell,424800481,False,98579.01,snapshot_underlying_price
2026-01-06T15:32:40.562166+00:00,BTC,BTC-25SEP26,97422.3,97421.23,97422.3,70,2,deribit_options_snapshot_20260106T153240Z.csv,1767713560562,True,after,1776011327445.0,8297766.883,71685.0,71678.93,70959.99,10.0,sell,424800603,False,97422.3,snapshot_underlying_price
2026-01-06T15:32:40.562166+00:00,BTC,BTC-26JUN26,96195.99,96194.92,96195.99,82,2,deribit_options_snapshot_20260106T153240Z.csv,1767713560562,True,after,1776011144362.0,8297583.8,71172.5,71165.69,70944.95,20.0,sell,424800494,False,96195.99,snapshot_underlying_price
2026-01-06T15:32:40.562166+00:00,BTC,BTC-27FEB26,94638.05,94636.98,94638.05,64,2,deribit_options_snapshot_20260106T153240Z.csv,1767713560562,False,,,,,,,,,,False,94638.05,snapshot_underlying_price
2026-01-06T15:32:40.562166+00:00,BTC,BTC-27MAR26,95045.73,95044.66,95045.73,104,2,deribit_options_snapshot_20260106T153240Z.csv,1767713560562,False,,,,,,,,,,False,95045.73,snapshot_underlying_price
2026-01-06T15:32:40.562166+00:00,BTC,BTC-30JAN26,94296.4,94295.33,94296.4,74,2,deribit_options_snapshot_20260106T153240Z.csv,1767713560562,False,,,,,,,,,,False,94296.4,snapshot_underlying_price
2026-01-06T15:32:40.562166+00:00,BTC,BTC-9JAN26,94017.56,94017.56,94018.63,40,2,deribit_options_snapshot_20260106T153240Z.csv,1767713560562,False,,,,,,,,,,False,94017.56,snapshot_underlying_price
2026-01-06T15:32:40.562166+00:00,ETH,ETH-16JAN26,3293.18,3293.16,3293.18,42,2,deribit_options_snapshot_20260106T153240Z.csv,1767713560562,False,,,,,,,,,,False,3293.18,snapshot_underlying_price
2026-01-06T15:32:40.562166+00:00,ETH,ETH-25DEC26,3417.59,3417.58,3417.59,46,2,deribit_options_snapshot_20260106T153240Z.csv,1767713560562,True,after,1776012229120.0,8298668.558,2228.75,2228.68,2184.76,765.0,buy,ETH-298729072,False,3417.59,snapshot_underlying_price
2026-01-06T15:32:40.562166+00:00,ETH,ETH-25SEP26,3384.32,3384.32,3384.36,92,2,deribit_options_snapshot_20260106T153240Z.csv,1767713560562,True,after,1776011686869.0,8298126.307,2212.0,2211.87,2187.44,1.0,sell,ETH-298728768,False,3384.32,snapshot_underlying_price
2026-01-06T15:32:40.562166+00:00,ETH,ETH-26JUN26,3351.61,3351.6,3351.61,92,2,deribit_options_snapshot_20260106T153240Z.csv,1767713560562,True,after,1776011117796.0,8297557.234,2195.0,2195.22,2188.06,20.0,sell,ETH-298728609,False,3351.61,snapshot_underlying_price
2026-01-06T15:32:40.562166+00:00,ETH,ETH-27FEB26,3307.39,3307.38,3307.39,50,2,deribit_options_snapshot_20260106T153240Z.csv,1767713560562,False,,,,,,,,,,False,3307.39,snapshot_underlying_price
2026-01-06T15:32:40.562166+00:00,ETH,ETH-27MAR26,3319.45,3319.45,3319.46,110,2,deribit_options_snapshot_20260106T153240Z.csv,1767713560562,False,,,,,,,,,,False,3319.45,snapshot_underlying_price
2026-01-06T15:32:40.562166+00:00,ETH,ETH-30JAN26,3296.38,3296.37,3296.38,70,2,deribit_options_snapshot_20260106T153240Z.csv,1767713560562,False,,,,,,,,,,False,3296.38,snapshot_underlying_price
2026-01-06T15:32:40.562166+00:00,ETH,ETH-9JAN26,3291.22,3291.22,3291.23,48,2,deribit_options_snapshot_20260106T153240Z.csv,1767713560562,False,,,,,,,,,,False,3291.22,snapshot_underlying_price
2026-01-06T21:21:21.170927+00:00,BTC,BTC-16JAN26,93642.85,93642.85,93648.3,42,2,deribit_options_snapshot_20260106T212121Z.csv,1767734481170,False,,,,,,,,,,False,93642.85,snapshot_underlying_price
2026-01-06T21:21:21.170927+00:00,BTC,BTC-25DEC26,98069.0,98067.56,98069.0,46,2,deribit_options_snapshot_20260106T212121Z.csv,1767734481170,True,after,1776011127586.0,8276646.416,72352.5,72349.77,70961.69,1020.0,sell,424800481,False,98069.0,snapshot_underlying_price
2026-01-06T21:21:21.170927+00:00,BTC,BTC-25SEP26,96925.68,96925.68,96931.13,70,3,deribit_options_snapshot_20260106T212121Z.csv,1767734481170,True,after,1776011327445.0,8276846.275,71685.0,71678.93,70959.99,10.0,sell,424800603,False,96925.68,snapshot_underlying_price
2026-01-06T21:21:21.170927+00:00,BTC,BTC-26JUN26,95716.61,95716.61,95716.61,82,1,deribit_options_snapshot_20260106T212121Z.csv,1767734481170,True,after,1776011144362.0,8276663.192,71172.5,71165.69,70944.95,20.0,sell,424800494,False,95716.61,snapshot_underlying_price
2026-01-06T21:21:21.170927+00:00,BTC,BTC-27FEB26,94157.91,94157.91,94163.36,64,2,deribit_options_snapshot_20260106T212121Z.csv,1767734481170,False,,,,,,,,,,False,94157.91,snapshot_underlying_price
2026-01-06T21:21:21.170927+00:00,BTC,BTC-27MAR26,94570.68,94569.24,94570.68,104,2,deribit_options_snapshot_20260106T212121Z.csv,1767734481170,False,,,,,,,,,,False,94570.68,snapshot_underlying_price
2026-01-06T21:21:21.170927+00:00,BTC,BTC-30JAN26,93816.08,93816.08,93821.25,74,2,deribit_options_snapshot_20260106T212121Z.csv,1767734481170,False,,,,,,,,,,False,93816.08,snapshot_underlying_price
2026-01-06T21:21:21.170927+00:00,BTC,BTC-9JAN26,93520.95,93520.95,93527.13,40,2,deribit_options_snapshot_20260106T212121Z.csv,1767734481170,False,,,,,,,,,,False,93520.95,snapshot_underlying_price
2026-01-06T21:21:21.170927+00:00,ETH,ETH-16JAN26,3281.63,3281.63,3281.69,42,2,deribit_options_snapshot_20260106T212121Z.csv,1767734481170,False,,,,,,,,,,False,3281.63,snapshot_underlying_price
2026-01-06T21:21:21.170927+00:00,ETH,ETH-25DEC26,3405.77,3405.77,3405.83,46,2,deribit_options_snapshot_20260106T212121Z.csv,1767734481170,True,after,1776012229120.0,8277747.95,2228.75,2228.68,2184.76,765.0,buy,ETH-298729072,False,3405.77,snapshot_underlying_price
2026-01-06T21:21:21.170927+00:00,ETH,ETH-25SEP26,3372.19,3372.14,3372.19,92,2,deribit_options_snapshot_20260106T212121Z.csv,1767734481170,True,after,1776011686869.0,8277205.699,2212.0,2211.87,2187.44,1.0,sell,ETH-298728768,False,3372.19,snapshot_underlying_price
2026-01-06T21:21:21.170927+00:00,ETH,ETH-26JUN26,3339.48,3339.48,3339.53,92,2,deribit_options_snapshot_20260106T212121Z.csv,1767734481170,True,after,1776011117796.0,8276636.626,2195.0,2195.22,2188.06,20.0,sell,ETH-298728609,False,3339.48,snapshot_underlying_price
2026-01-06T21:21:21.170927+00:00,ETH,ETH-27FEB26,3295.5,3295.5,3295.56,50,2,deribit_options_snapshot_20260106T212121Z.csv,1767734481170,False,,,,,,,,,,False,3295.5,snapshot_underlying_price
2026-01-06T21:21:21.170927+00:00,ETH,ETH-27MAR26,3307.88,3307.82,3307.88,110,2,deribit_options_snapshot_20260106T212121Z.csv,1767734481170,False,,,,,,,,,,False,3307.88,snapshot_underlying_price
2026-01-06T21:21:21.170927+00:00,ETH,ETH-30JAN26,3285.33,3285.33,3285.38,70,2,deribit_options_snapshot_20260106T212121Z.csv,1767734481170,False,,,,,,,,,,False,3285.33,snapshot_underlying_price
2026-01-06T21:21:21.170927+00:00,ETH,ETH-9JAN26,3279.63,3279.57,3279.63,50,2,deribit_options_snapshot_20260106T212121Z.csv,1767734481170,False,,,,,,,,,,False,3279.63,snapshot_underlying_price
2026-01-07T03:56:38.718681+00:00,BTC,BTC-16JAN26,92897.29,92897.29,92901.73,42,2,deribit_options_snapshot_20260107T035638Z.csv,1767758198718,False,,,,,,,,,,False,92897.29,snapshot_underlying_price
2026-01-07T03:56:38.718681+00:00,BTC,BTC-25DEC26,97245.39,97240.95,97245.39,46,2,deribit_options_snapshot_20260107T035638Z.csv,1767758198718,True,after,1776011127586.0,8252928.868,72352.5,72349.77,70961.69,1020.0,sell,424800481,False,97245.39,snapshot_underlying_price
2026-01-07T03:56:38.718681+00:00,BTC,BTC-25SEP26,96157.32,96152.88,96157.32,70,2,deribit_options_snapshot_20260107T035638Z.csv,1767758198718,True,after,1776011327445.0,8253128.727,71685.0,71678.93,70959.99,10.0,sell,424800603,False,96157.32,snapshot_underlying_price
2026-01-07T03:56:38.718681+00:00,BTC,BTC-26JUN26,94973.9,94969.46,94973.9,82,2,deribit_options_snapshot_20260107T035638Z.csv,1767758198718,True,after,1776011144362.0,8252945.644,71172.5,71165.69,70944.95,20.0,sell,424800494,False,94973.9,snapshot_underlying_price
2026-01-07T03:56:38.718681+00:00,BTC,BTC-27FEB26,93425.98,93421.22,93425.98,64,2,deribit_options_snapshot_20260107T035638Z.csv,1767758198718,False,,,,,,,,,,False,93425.98,snapshot_underlying_price
2026-01-07T03:56:38.718681+00:00,BTC,BTC-27MAR26,93840.36,93836.61,93840.36,104,2,deribit_options_snapshot_20260107T035638Z.csv,1767758198718,False,,,,,,,,,,False,93840.36,snapshot_underlying_price
2026-01-07T03:56:38.718681+00:00,BTC,BTC-30JAN26,93073.48,93069.73,93073.48,74,2,deribit_options_snapshot_20260107T035638Z.csv,1767758198718,False,,,,,,,,,,False,93073.48,snapshot_underlying_price
2026-01-07T03:56:38.718681+00:00,BTC,BTC-9JAN26,92776.43,92776.43,92780.87,40,2,deribit_options_snapshot_20260107T035638Z.csv,1767758198718,False,,,,,,,,,,False,92776.43,snapshot_underlying_price
2026-01-07T03:56:38.718681+00:00,ETH,ETH-16JAN26,3268.25,3268.25,3268.27,42,2,deribit_options_snapshot_20260107T035638Z.csv,1767758198718,False,,,,,,,,,,False,3268.25,snapshot_underlying_price
2026-01-07T03:56:38.718681+00:00,ETH,ETH-25DEC26,3390.95,3390.95,3391.05,46,2,deribit_options_snapshot_20260107T035638Z.csv,1767758198718,True,after,1776012229120.0,8254030.402,2228.75,2228.68,2184.76,765.0,buy,ETH-298729072,False,3390.95,snapshot_underlying_price
2026-01-07T03:56:38.718681+00:00,ETH,ETH-25SEP26,3357.45,3357.42,3357.45,92,2,deribit_options_snapshot_20260107T035638Z.csv,1767758198718,True,after,1776011686869.0,8253488.151,2212.0,2211.87,2187.44,1.0,sell,ETH-298728768,False,3357.45,snapshot_underlying_price
2026-01-07T03:56:38.718681+00:00,ETH,ETH-26JUN26,3324.72,3324.7,3324.72,92,2,deribit_options_snapshot_20260107T035638Z.csv,1767758198718,True,after,1776011117796.0,8252919.078,2195.0,2195.22,2188.06,20.0,sell,ETH-298728609,False,3324.72,snapshot_underlying_price
2026-01-07T03:56:38.718681+00:00,ETH,ETH-27FEB26,3281.37,3281.37,3281.39,50,2,deribit_options_snapshot_20260107T035638Z.csv,1767758198718,False,,,,,,,,,,False,3281.37,snapshot_underlying_price
2026-01-07T03:56:38.718681+00:00,ETH,ETH-27MAR26,3293.01,3292.99,3293.01,110,2,deribit_options_snapshot_20260107T035638Z.csv,1767758198718,False,,,,,,,,,,False,3293.01,snapshot_underlying_price
2026-01-07T03:56:38.718681+00:00,ETH,ETH-30JAN26,3271.77,3271.77,3271.79,70,2,deribit_options_snapshot_20260107T035638Z.csv,1767758198718,False,,,,,,,,,,False,3271.77,snapshot_underlying_price
2026-01-07T03:56:38.718681+00:00,ETH,ETH-9JAN26,3266.27,3266.18,3266.27,50,2,deribit_options_snapshot_20260107T035638Z.csv,1767758198718,False,,,,,,,,,,False,3266.27,snapshot_underlying_price
2026-01-07T09:21:55.572527+00:00,BTC,BTC-16JAN26,92187.13,92187.13,92188.22,42,2,deribit_options_snapshot_20260107T092155Z.csv,1767777715572,False,,,,,,,,,,False,92187.13,snapshot_underlying_price
2026-01-07T09:21:55.572527+00:00,BTC,BTC-25DEC26,96481.22,96481.22,96486.76,46,2,deribit_options_snapshot_20260107T092155Z.csv,1767777715572,True,after,1776011127586.0,8233412.014,72352.5,72349.77,70961.69,1020.0,sell,424800481,False,96481.22,snapshot_underlying_price
2026-01-07T09:21:55.572527+00:00,BTC,BTC-25SEP26,95384.15,95383.06,95384.15,70,2,deribit_options_snapshot_20260107T092155Z.csv,1767777715572,True,after,1776011327445.0,8233611.873,71685.0,71678.93,70959.99,10.0,sell,424800603,False,95384.15,snapshot_underlying_price
2026-01-07T09:21:55.572527+00:00,BTC,BTC-26JUN26,94240.63,94239.54,94240.63,82,2,deribit_options_snapshot_20260107T092155Z.csv,1767777715572,True,after,1776011144362.0,8233428.79,71172.5,71165.69,70944.95,20.0,sell,424800494,False,94240.63,snapshot_underlying_price
2026-01-07T09:21:55.572527+00:00,BTC,BTC-27FEB26,92724.38,92723.29,92724.38,64,2,deribit_options_snapshot_20260107T092155Z.csv,1767777715572,False,,,,,,,,,,False,92724.38,snapshot_underlying_price
2026-01-07T09:21:55.572527+00:00,BTC,BTC-27MAR26,93147.75,93146.66,93147.75,104,2,deribit_options_snapshot_20260107T092155Z.csv,1767777715572,False,,,,,,,,,,False,93147.75,snapshot_underlying_price
2026-01-07T09:21:55.572527+00:00,BTC,BTC-30JAN26,92377.72,92377.72,92383.26,74,2,deribit_options_snapshot_20260107T092155Z.csv,1767777715572,False,,,,,,,,,,False,92377.72,snapshot_underlying_price
2026-01-07T09:21:55.572527+00:00,BTC,BTC-9JAN26,92091.24,92091.24,92092.33,40,2,deribit_options_snapshot_20260107T092155Z.csv,1767777715572,False,,,,,,,,,,False,92091.24,snapshot_underlying_price
2026-01-07T09:21:55.572527+00:00,ETH,ETH-16JAN26,3227.8,3227.8,3227.9,42,2,deribit_options_snapshot_20260107T092155Z.csv,1767777715572,False,,,,,,,,,,False,3227.8,snapshot_underlying_price
2026-01-07T09:21:55.572527+00:00,ETH,ETH-25DEC26,3348.03,3348.03,3348.39,46,2,deribit_options_snapshot_20260107T092155Z.csv,1767777715572,True,after,1776012229120.0,8234513.548,2228.75,2228.68,2184.76,765.0,buy,ETH-298729072,False,3348.03,snapshot_underlying_price
2026-01-07T09:21:55.572527+00:00,ETH,ETH-25SEP26,3315.36,3315.0,3315.36,92,2,deribit_options_snapshot_20260107T092155Z.csv,1767777715572,True,after,1776011686869.0,8233971.297,2212.0,2211.87,2187.44,1.0,sell,ETH-298728768,False,3315.36,snapshot_underlying_price
2026-01-07T09:21:55.572527+00:00,ETH,ETH-26JUN26,3282.78,3282.78,3282.88,92,2,deribit_options_snapshot_20260107T092155Z.csv,1767777715572,True,after,1776011117796.0,8233402.224,2195.0,2195.22,2188.06,20.0,sell,ETH-298728609,False,3282.78,snapshot_underlying_price
2026-01-07T09:21:55.572527+00:00,ETH,ETH-27FEB26,3240.78,3240.78,3240.78,50,1,deribit_options_snapshot_20260107T092155Z.csv,1767777715572,False,,,,,,,,,,False,3240.78,snapshot_underlying_price
2026-01-07T09:21:55.572527+00:00,ETH,ETH-27MAR26,3252.09,3251.73,3252.09,110,2,deribit_options_snapshot_20260107T092155Z.csv,1767777715572,False,,,,,,,,,,False,3252.09,snapshot_underlying_price
2026-01-07T09:21:55.572527+00:00,ETH,ETH-30JAN26,3230.98,3230.98,3231.08,70,2,deribit_options_snapshot_20260107T092155Z.csv,1767777715572,False,,,,,,,,,,False,3230.98,snapshot_underlying_price
2026-01-07T09:21:55.572527+00:00,ETH,ETH-9JAN26,3226.05,3225.95,3226.05,50,2,deribit_options_snapshot_20260107T092155Z.csv,1767777715572,False,,,,,,,,,,False,3226.05,snapshot_underlying_price
2026-01-07T15:34:52.634871+00:00,BTC,BTC-16JAN26,91229.25,91229.25,91232.44,42,2,deribit_options_snapshot_20260107T153452Z.csv,1767800092634,False,,,,,,,,,,False,91229.25,snapshot_underlying_price
2026-01-07T15:34:52.634871+00:00,BTC,BTC-25DEC26,95509.82,95507.17,95509.82,46,2,deribit_options_snapshot_20260107T153452Z.csv,1767800092634,True,after,1776011127586.0,8211034.952,72352.5,72349.77,70961.69,1020.0,sell,424800481,False,95509.82,snapshot_underlying_price
2026-01-07T15:34:52.634871+00:00,BTC,BTC-25SEP26,94446.24,94443.05,94446.24,70,2,deribit_options_snapshot_20260107T153452Z.csv,1767800092634,True,after,1776011327445.0,8211234.811,71685.0,71678.93,70959.99,10.0,sell,424800603,False,94446.24,snapshot_underlying_price
2026-01-07T15:34:52.634871+00:00,BTC,BTC-26JUN26,93274.89,93271.7,93274.89,82,2,deribit_options_snapshot_20260107T153452Z.csv,1767800092634,True,after,1776011144362.0,8211051.728,71172.5,71165.69,70944.95,20.0,sell,424800494,False,93274.89,snapshot_underlying_price
2026-01-07T15:34:52.634871+00:00,BTC,BTC-27FEB26,91745.52,91742.33,91745.52,64,2,deribit_options_snapshot_20260107T153452Z.csv,1767800092634,False,,,,,,,,,,False,91745.52,snapshot_underlying_price
2026-01-07T15:34:52.634871+00:00,BTC,BTC-27MAR26,92172.33,92169.68,92172.33,104,2,deribit_options_snapshot_20260107T153452Z.csv,1767800092634,False,,,,,,,,,,False,92172.33,snapshot_underlying_price
2026-01-07T15:34:52.634871+00:00,BTC,BTC-30JAN26,91425.13,91421.94,91425.13,74,2,deribit_options_snapshot_20260107T153452Z.csv,1767800092634,False,,,,,,,,,,False,91425.13,snapshot_underlying_price
2026-01-07T15:34:52.634871+00:00,BTC,BTC-9JAN26,91133.82,91133.82,91136.47,40,2,deribit_options_snapshot_20260107T153452Z.csv,1767800092634,False,,,,,,,,,,False,91133.82,snapshot_underlying_price
2026-01-07T15:34:52.634871+00:00,ETH,ETH-16JAN26,3162.34,3162.22,3162.34,42,2,deribit_options_snapshot_20260107T153452Z.csv,1767800092634,False,,,,,,,,,,False,3162.34,snapshot_underlying_price
2026-01-07T15:34:52.634871+00:00,ETH,ETH-25DEC26,3281.1,3280.98,3281.1,46,2,deribit_options_snapshot_20260107T153452Z.csv,1767800092634,True,after,1776012229120.0,8212136.486,2228.75,2228.68,2184.76,765.0,buy,ETH-298729072,False,3281.1,snapshot_underlying_price
2026-01-07T15:34:52.634871+00:00,ETH,ETH-25SEP26,3248.43,3248.43,3248.55,92,2,deribit_options_snapshot_20260107T153452Z.csv,1767800092634,True,after,1776011686869.0,8211594.235,2212.0,2211.87,2187.44,1.0,sell,ETH-298728768,False,3248.43,snapshot_underlying_price
2026-01-07T15:34:52.634871+00:00,ETH,ETH-26JUN26,3216.51,3215.92,3216.51,92,2,deribit_options_snapshot_20260107T153452Z.csv,1767800092634,True,after,1776011117796.0,8211025.162,2195.0,2195.22,2188.06,20.0,sell,ETH-298728609,False,3216.51,snapshot_underlying_price
2026-01-07T15:34:52.634871+00:00,ETH,ETH-27FEB26,3175.55,3175.55,3175.55,50,1,deribit_options_snapshot_20260107T153452Z.csv,1767800092634,False,,,,,,,,,,False,3175.55,snapshot_underlying_price
2026-01-07T15:34:52.634871+00:00,ETH,ETH-27MAR26,3185.91,3185.91,3186.03,110,2,deribit_options_snapshot_20260107T153452Z.csv,1767800092634,False,,,,,,,,,,False,3185.91,snapshot_underlying_price
2026-01-07T15:34:52.634871+00:00,ETH,ETH-30JAN26,3165.89,3165.3,3165.89,70,2,deribit_options_snapshot_20260107T153452Z.csv,1767800092634,False,,,,,,,,,,False,3165.89,snapshot_underlying_price
2026-01-07T15:34:52.634871+00:00,ETH,ETH-9JAN26,3159.84,3159.25,3159.84,50,2,deribit_options_snapshot_20260107T153452Z.csv,1767800092634,False,,,,,,,,,,False,3159.84,snapshot_underlying_price
2026-01-07T21:20:23.488845+00:00,BTC,BTC-16JAN26,91229.66,91227.52,91229.66,42,2,deribit_options_snapshot_20260107T212023Z.csv,1767820823488,False,,,,,,,,,,False,91229.66,snapshot_underlying_price
2026-01-07T21:20:23.488845+00:00,BTC,BTC-25DEC26,95536.32,95536.32,95538.46,46,2,deribit_options_snapshot_20260107T212023Z.csv,1767820823488,True,after,1776011127586.0,8190304.098,72352.5,72349.77,70961.69,1020.0,sell,424800481,False,95536.32,snapshot_underlying_price
2026-01-07T21:20:23.488845+00:00,BTC,BTC-25SEP26,94478.44,94478.44,94480.58,70,2,deribit_options_snapshot_20260107T212023Z.csv,1767820823488,True,after,1776011327445.0,8190503.957,71685.0,71678.93,70959.99,10.0,sell,424800603,False,94478.44,snapshot_underlying_price
